<?xml version="1.0" encoding="UTF-8"?>
<!DOCTYPE html PUBLIC "-//W3C//DTD XHTML 1.0 Transitional//EN"
    "http://www.w3.org/TR/xhtml1/DTD/xhtml1-transitional.dtd">
<html xmlns="http://www.w3.org/1999/xhtml" xml:lang="en" lang="en">
 <head>
  <title>
</title>
<meta http-equiv="Content-Type" content="text/html;charset=utf-8" />
  <meta name='ocr-system' content='tesseract 3.04.00' />
  <meta name='ocr-capabilities' content='ocr_page ocr_carea ocr_par ocr_line ocrx_word'/>
</head>
<body>
  <div class='ocr_page' id='page_1' title='image "./opera00sallgoog_0101.png"; bbox 0 0 2888 4748; ppageno 0'>
   <div class='ocr_carea' id='block_1_1' title="bbox 411 287 1219 416">
    <p class='ocr_par' dir='ltr' id='par_1_1' title="bbox 411 287 1219 416">
     <span class='ocr_line' id='line_1_1' title="bbox 411 287 1219 416; baseline 0.004 -5"><span class='ocrx_word' id='word_1_1' title='bbox 411 337 601 412; x_wconf 75' lang='lat' dir='ltr'>uranon</span> <span class='ocrx_word' id='word_1_2' title='bbox 625 339 966 413; x_wconf 75' lang='lat' dir='ltr'>orrnntnron</span> <span class='ocrx_word' id='word_1_3' title='bbox 1065 324 1068 329; x_wconf 85' lang='grc'><strong>’</strong></span> <span class='ocrx_word' id='word_1_4' title='bbox 1153 287 1219 416; x_wconf 73' lang='lat' dir='ltr'>¹u</span> 
     </span>
    </p>
   </div>
   <div class='ocr_carea' id='block_1_2' title="bbox 57 491 1307 3156">
    <p class='ocr_par' dir='ltr' id='par_1_2' title="bbox 152 491 1233 586">
     <span class='ocr_line' id='line_1_2' title="bbox 152 491 1233 586; baseline 0.002 -22"><span class='ocrx_word' id='word_1_5' title='bbox 152 491 319 576; x_wconf 63' lang='lat' dir='ltr'>incensum</span> <span class='ocrx_word' id='word_1_6' title='bbox 344 496 449 586; x_wconf 91' lang='lat' dir='ltr'>quod,</span> <span class='ocrx_word' id='word_1_7' title='bbox 470 511 607 563; x_wconf 83' lang='lat' dir='ltr'>extrema</span> <span class='ocrx_word' id='word_1_8' title='bbox 624 510 742 578; x_wconf 87' lang='lat' dir='ltr'>aetate,</span> <span class='ocrx_word' id='word_1_9' title='bbox 758 497 914 564; x_wconf 73' lang='lat' dir='ltr'>mmumis</span> <span class='ocrx_word' id='word_1_10' title='bbox 930 497 1107 564; x_wconf 75' lang='lat' dir='ltr'>honoribus</span> <span class='ocrx_word' id='word_1_11' title='bbox 1121 522 1202 566; x_wconf 89' lang='lat' dir='ltr'>usus</span> <span class='ocrx_word' id='word_1_12' title='bbox 1214 542 1233 582; x_wconf 68' lang='lat'>„</span> 
     </span>
    </p>

    <p class='ocr_par' dir='ltr' id='par_1_3' title="bbox 57 604 1307 3156">
     <span class='ocr_line' id='line_1_3' title="bbox 152 604 1224 697; baseline 0.001 -26"><span class='ocrx_word' id='word_1_13' title='bbox 152 608 190 671; x_wconf 89' lang='lat' dir='ltr'>ab</span> <span class='ocrx_word' id='word_1_14' title='bbox 206 605 442 670; x_wconf 83' lang='lat' dir='ltr'>adolescentulo</span> <span class='ocrx_word' id='word_1_15' title='bbox 458 608 466 632; x_wconf 91' lang='lat'><em>¹</em></span> <span class='ocrx_word' id='word_1_16' title='bbox 486 604 623 668; x_wconf 82' lang='lat' dir='ltr'>Caesare</span> <span class='ocrx_word' id='word_1_17' title='bbox 638 604 742 668; x_wconf 86' lang='lat' dir='ltr'>vietus</span> <span class='ocrx_word' id='word_1_18' title='bbox 757 604 1030 673; x_wconf 64' lang='lat' dir='ltr'>discessersttRes</span> <span class='ocrx_word' id='word_1_19' title='bbox 1046 621 1153 676; x_wconf 86' lang='lat' dir='ltr'>autem</span> <span class='ocrx_word' id='word_1_20' title='bbox 1168 631 1224 697; x_wconf 91' lang='lat' dir='ltr'>op·</span> 
     </span>
     <span class='ocr_line' id='line_1_4' title="bbox 150 709 1225 803; baseline 0 -25"><span class='ocrx_word' id='word_1_21' title='bbox 150 728 287 803; x_wconf 87' lang='lat' dir='ltr'>portuna</span> <span class='ocrx_word' id='word_1_22' title='bbox 303 709 470 779; x_wconf 86' lang='lat' dir='ltr'>videbatur</span> <span class='ocrx_word' id='word_1_23' title='bbox 484 728 514 789; x_wconf 80' lang='lat'>¹3</span> <span class='ocrx_word' id='word_1_24' title='bbox 536 710 623 800; x_wconf 90' lang='lat' dir='ltr'>quod</span> <span class='ocrx_word' id='word_1_25' title='bbox 639 711 686 790; x_wconf 93' lang='lat' dir='ltr'>is,</span> <span class='ocrx_word' id='word_1_26' title='bbox 707 711 858 800; x_wconf 82' lang='lat' dir='ltr'>privatim</span> <span class='ocrx_word' id='word_1_27' title='bbox 873 712 999 800; x_wconf 86' lang='lat' dir='ltr'>egregia</span> <span class='ocrx_word' id='word_1_28' title='bbox 1012 712 1225 796; x_wconf 79' lang='lat' dir='ltr'><strong>liberalitate,</strong></span> 
     </span>
     <span class='ocr_line' id='line_1_5' title="bbox 150 817 1221 910; baseline 0.001 -26"><span class='ocrx_word' id='word_1_29' title='bbox 150 821 278 910; x_wconf 89' lang='lat' dir='ltr'>publice</span> <span class='ocrx_word' id='word_1_30' title='bbox 300 819 455 884; x_wconf 79' lang='lat' dir='ltr'>maxumis</span> <span class='ocrx_word' id='word_1_31' title='bbox 476 818 684 898; x_wconf 87' lang='lat' dir='ltr'>muneribus,</span> <span class='ocrx_word' id='word_1_32' title='bbox 708 817 859 906; x_wconf 78' lang='lat' dir='ltr'>grandem</span> <span class='ocrx_word' id='word_1_33' title='bbox 881 820 1053 908; x_wconf 87' lang='lat' dir='ltr'>pecuniam</span> <span class='ocrx_word' id='word_1_34' title='bbox 1077 820 1221 886; x_wconf 85' lang='lat' dir='ltr'>debebat</span> 
     </span>
     <span class='ocr_line' id='line_1_6' title="bbox 152 924 1224 1016; baseline 0 -24"><span class='ocrx_word' id='word_1_35' title='bbox 152 926 235 1008; x_wconf 85' lang='lat' dir='ltr'>Sed,</span> <span class='ocrx_word' id='word_1_36' title='bbox 259 924 316 992; x_wconf 89' lang='lat' dir='ltr'>ubi</span> <span class='ocrx_word' id='word_1_37' title='bbox 332 924 496 990; x_wconf 85' lang='lat' dir='ltr'>consulem</span> <span class='ocrx_word' id='word_1_38' title='bbox 511 924 552 989; x_wconf 91' lang='lat' dir='ltr'>ad</span> <span class='ocrx_word' id='word_1_39' title='bbox 567 940 690 990; x_wconf 90' lang='lat' dir='ltr'>tautum</span> <span class='ocrx_word' id='word_1_40' title='bbox 714 924 839 990; x_wconf 86' lang='lat' dir='ltr'>facinus</span> <span class='ocrx_word' id='word_1_41' title='bbox 863 925 1015 1015; x_wconf 77' lang='lat' dir='ltr'>inpellere</span> <span class='ocrx_word' id='word_1_42' title='bbox 1038 943 1224 1016; x_wconf 79' lang='lat' dir='ltr'>nequeunt,</span> 
     </span>
     <span class='ocr_line' id='line_1_7' title="bbox 148 1031 1224 1124; baseline 0.001 -24"><span class='ocrx_word' id='word_1_43' title='bbox 148 1033 212 1124; x_wconf 86' lang='lat' dir='ltr'>ipsi</span> <span class='ocrx_word' id='word_1_44' title='bbox 228 1031 414 1121; x_wconf 76' lang='lat' dir='ltr'>singillatim</span> <span class='ocrx_word' id='word_1_45' title='bbox 428 1031 677 1113; x_wconf 87' lang='lat' dir='ltr'>circumeundo,</span> <span class='ocrx_word' id='word_1_46' title='bbox 693 1045 788 1120; x_wconf 88' lang='lat' dir='ltr'>atque</span> <span class='ocrx_word' id='word_1_47' title='bbox 812 1032 1016 1096; x_wconf 77' lang='lat' dir='ltr'>ementiundo</span> <span class='ocrx_word' id='word_1_48' title='bbox 1033 1056 1164 1122; x_wconf 85' lang='lat' dir='ltr'>quaese</span> <span class='ocrx_word' id='word_1_49' title='bbox 1182 1048 1224 1101; x_wconf 71' lang='lat' dir='ltr'>ek</span> 
     </span>
     <span class='ocr_line' id='line_1_8' title="bbox 150 1128 1223 1229; baseline -0.002 -21"><span class='ocrx_word' id='word_1_50' title='bbox 150 1139 321 1208; x_wconf 87' lang='lat' dir='ltr'>Volturcio</span> <span class='ocrx_word' id='word_1_51' title='bbox 331 1152 400 1202; x_wconf 79' lang='lat' dir='ltr'>aut</span> <span class='ocrx_word' id='word_1_52' title='bbox 423 1128 651 1227; x_wconf 78' lang='lat' dir='ltr'>Allobrogibus</span> <span class='ocrx_word' id='word_1_53' title='bbox 675 1138 802 1203; x_wconf 85' lang='lat' dir='ltr'>audisse</span> <span class='ocrx_word' id='word_1_54' title='bbox 824 1138 986 1219; x_wconf 89' lang='lat' dir='ltr'>dicerent,</span> <span class='ocrx_word' id='word_1_55' title='bbox 1001 1161 1148 1229; x_wconf 85' lang='lat' dir='ltr'>magnam</span> <span class='ocrx_word' id='word_1_56' title='bbox 1172 1134 1223 1206; x_wconf 87' lang='lat' dir='ltr'>illi</span> 
     </span>
     <span class='ocr_line' id='line_1_9' title="bbox 150 1243 1224 1336; baseline -0.003 -25"><span class='ocrx_word' id='word_1_57' title='bbox 150 1245 306 1313; x_wconf 88' lang='lat' dir='ltr'>invidiam</span> <span class='ocrx_word' id='word_1_58' title='bbox 320 1243 536 1312; x_wconf 84' lang='lat' dir='ltr'>conflaverant</span> <span class='ocrx_word' id='word_1_59' title='bbox 547 1273 556 1323; x_wconf 82' lang='lat'><em>3</em></span> <span class='ocrx_word' id='word_1_60' title='bbox 568 1268 673 1334; x_wconf 88' lang='lat' dir='ltr'>usque</span> <span class='ocrx_word' id='word_1_61' title='bbox 688 1268 738 1325; x_wconf 94' lang='lat' dir='ltr'>eo,</span> <span class='ocrx_word' id='word_1_62' title='bbox 753 1260 790 1310; x_wconf 90' lang='lat' dir='ltr'>ut</span> <span class='ocrx_word' id='word_1_63' title='bbox 804 1245 952 1332; x_wconf 82' lang='lat' dir='ltr'>nonnulli</span> <span class='ocrx_word' id='word_1_64' title='bbox 967 1247 1090 1336; x_wconf 81' lang='lat' dir='ltr'>equites</span> <span class='ocrx_word' id='word_1_65' title='bbox 1106 1249 1224 1313; x_wconf 63' lang='lat' dir='ltr'>Roma,</span> 
     </span>
     <span class='ocr_line' id='line_1_10' title="bbox 151 1351 1223 1443; baseline 0.002 -24"><span class='ocrx_word' id='word_1_66' title='bbox 151 1354 206 1435; x_wconf 90' lang='lat' dir='ltr'>ni,</span> <span class='ocrx_word' id='word_1_67' title='bbox 226 1354 283 1443; x_wconf 91' lang='lat' dir='ltr'>qui</span> <span class='ocrx_word' id='word_1_68' title='bbox 297 1353 449 1443; x_wconf 89' lang='lat' dir='ltr'>praesidii</span> <span class='ocrx_word' id='word_1_69' title='bbox 466 1375 578 1418; x_wconf 85' lang='lat' dir='ltr'>caussa</span> <span class='ocrx_word' id='word_1_70' title='bbox 593 1371 667 1417; x_wconf 89' lang='lat' dir='ltr'>oum</span> <span class='ocrx_word' id='word_1_71' title='bbox 682 1351 753 1417; x_wconf 88' lang='lat' dir='ltr'>telis</span> <span class='ocrx_word' id='word_1_72' title='bbox 769 1367 861 1418; x_wconf 80' lang='lat' dir='ltr'>erant¹</span> <span class='ocrx_word' id='word_1_73' title='bbox 874 1353 996 1419; x_wconf 87' lang='lat' dir='ltr'>circum</span> <span class='ocrx_word' id='word_1_74' title='bbox 1011 1355 1121 1419; x_wconf 87' lang='lat' dir='ltr'>aedem</span> <span class='ocrx_word' id='word_1_75' title='bbox 1138 1356 1223 1421; x_wconf 69' lang='lat' dir='ltr'>Con⁴</span> 
     </span>
     <span class='ocr_line' id='line_1_11' title="bbox 151 1459 1223 1551; baseline 0.003 -25"><span class='ocrx_word' id='word_1_76' title='bbox 151 1460 297 1542; x_wconf 87' lang='lat' dir='ltr'>cordiae,</span> <span class='ocrx_word' id='word_1_77' title='bbox 313 1484 368 1526; x_wconf 90' lang='lat' dir='ltr'>seu</span> <span class='ocrx_word' id='word_1_78' title='bbox 388 1460 524 1551; x_wconf 88' lang='lat' dir='ltr'>periculi</span> <span class='ocrx_word' id='word_1_79' title='bbox 546 1459 783 1549; x_wconf 82' lang='lat' dir='ltr'>magnitudine,</span> <span class='ocrx_word' id='word_1_80' title='bbox 807 1483 863 1524; x_wconf 90' lang='lat' dir='ltr'>sou</span> <span class='ocrx_word' id='word_1_81' title='bbox 877 1461 978 1525; x_wconf 90' lang='lat' dir='ltr'>animi</span> <span class='ocrx_word' id='word_1_82' title='bbox 993 1463 1159 1528; x_wconf 84' lang='lat' dir='ltr'>nobilitate</span> <span class='ocrx_word' id='word_1_83' title='bbox 1174 1465 1223 1529; x_wconf 66' lang='lat' dir='ltr'>iu⁴</span> 
     </span>
     <span class='ocr_line' id='line_1_12' title="bbox 150 1566 1223 1658; baseline 0.004 -25"><span class='ocrx_word' id='word_1_84' title='bbox 150 1567 260 1657; x_wconf 88' lang='lat' dir='ltr'>pulsi,</span> <span class='ocrx_word' id='word_1_85' title='bbox 285 1591 353 1657; x_wconf 87' lang='lat' dir='ltr'>quo</span> <span class='ocrx_word' id='word_1_86' title='bbox 372 1567 514 1633; x_wconf 90' lang='lat' dir='ltr'>studium</span> <span class='ocrx_word' id='word_1_87' title='bbox 537 1590 632 1633; x_wconf 88' lang='lat' dir='ltr'>suum</span> <span class='ocrx_word' id='word_1_88' title='bbox 655 1566 688 1631; x_wconf 92' lang='lat' dir='ltr'>in</span> <span class='ocrx_word' id='word_1_89' title='bbox 712 1567 958 1658; x_wconf 85' lang='lat' dir='ltr'>Rempublioam</span> <span class='ocrx_word' id='word_1_90' title='bbox 980 1569 1097 1639; x_wconf 87' lang='lat' dir='ltr'>elarius</span> <span class='ocrx_word' id='word_1_91' title='bbox 1120 1586 1223 1654; x_wconf 89' lang='lat' dir='ltr'>esset,</span> 
     </span>
     <span class='ocr_line' id='line_1_13' title="bbox 150 1672 1223 1764; baseline 0.004 -24"><span class='ocrx_word' id='word_1_92' title='bbox 150 1674 323 1764; x_wconf 83' lang='lat' dir='ltr'>egredienti</span> <span class='ocrx_word' id='word_1_93' title='bbox 338 1699 377 1741; x_wconf 84' lang='lat' dir='ltr'>ex</span> <span class='ocrx_word' id='word_1_94' title='bbox 392 1690 503 1742; x_wconf 88' lang='lat' dir='ltr'>senatu</span> <span class='ocrx_word' id='word_1_95' title='bbox 522 1675 651 1740; x_wconf 83' lang='lat' dir='ltr'>Caesari</span> <span class='ocrx_word' id='word_1_96' title='bbox 665 1673 772 1764; x_wconf 80' lang='lat' dir='ltr'>gladio</span> <span class='ocrx_word' id='word_1_97' title='bbox 786 1672 1018 1740; x_wconf 82' lang='lat' dir='ltr'>minitarentur.</span> <span class='ocrx_word' id='word_1_98' title='bbox 1036 1679 1126 1742; x_wconf 86' lang='lat' dir='ltr'>Dum</span> <span class='ocrx_word' id='word_1_99' title='bbox 1141 1678 1223 1745; x_wconf 83' lang='lat' dir='ltr'>haec</span> 
     </span>
     <span class='ocr_line' id='line_1_14' title="bbox 57 1780 1223 1873; baseline 0.001 -27"><span class='ocrx_word' id='word_1_100' title='bbox 57 1852 59 1858; x_wconf 61' lang='grc'>,</span> <span class='ocrx_word' id='word_1_101' title='bbox 149 1782 184 1846; x_wconf 91' lang='lat' dir='ltr'>iu</span> <span class='ocrx_word' id='word_1_102' title='bbox 198 1797 311 1848; x_wconf 89' lang='lat' dir='ltr'>senatu</span> <span class='ocrx_word' id='word_1_103' title='bbox 334 1797 492 1873; x_wconf 88' lang='lat' dir='ltr'>aguntur,</span> <span class='ocrx_word' id='word_1_104' title='bbox 509 1793 540 1847; x_wconf 89' lang='lat' dir='ltr'>et</span> <span class='ocrx_word' id='word_1_105' title='bbox 562 1783 639 1847; x_wconf 88' lang='lat' dir='ltr'>dum</span> <span class='ocrx_word' id='word_1_106' title='bbox 660 1780 771 1871; x_wconf 90' lang='lat' dir='ltr'>legatis</span> <span class='ocrx_word' id='word_1_107' title='bbox 796 1782 1008 1873; x_wconf 81' lang='lat' dir='ltr'>Allobrogum</span> <span class='ocrx_word' id='word_1_108' title='bbox 1031 1797 1066 1848; x_wconf 88' lang='lat' dir='ltr'>et</span> <span class='ocrx_word' id='word_1_109' title='bbox 1087 1783 1122 1848; x_wconf 86' lang='lat' dir='ltr'>T.</span> <span class='ocrx_word' id='word_1_110' title='bbox 1143 1786 1223 1851; x_wconf 54' lang='lat' dir='ltr'>Vols</span> 
     </span>
     <span class='ocr_line' id='line_1_15' title="bbox 150 1889 1222 1980; baseline 0.003 -26"><span class='ocrx_word' id='word_1_111' title='bbox 150 1890 274 1971; x_wconf 89' lang='lat' dir='ltr'>turcio,</span> <span class='ocrx_word' id='word_1_112' title='bbox 294 1889 499 1980; x_wconf 90' lang='lat' dir='ltr'>comprobato</span> <span class='ocrx_word' id='word_1_113' title='bbox 524 1913 635 1955; x_wconf 92' lang='lat' dir='ltr'>eorum</span> <span class='ocrx_word' id='word_1_114' title='bbox 658 1889 797 1970; x_wconf 86' lang='lat' dir='ltr'>indicio,</span> <span class='ocrx_word' id='word_1_115' title='bbox 820 1889 961 1979; x_wconf 90' lang='lat' dir='ltr'>praemia</span> <span class='ocrx_word' id='word_1_116' title='bbox 985 1889 1222 1965; x_wconf 75' lang='lat' dir='ltr'>decernuntur:</span> 
     </span>
     <span class='ocr_line' id='line_1_16' title="bbox 150 1983 1307 2090; baseline 0.005 -32"><span class='ocrx_word' id='word_1_117' title='bbox 150 1983 262 2061; x_wconf 85' lang='lat' dir='ltr'>liberti</span> <span class='ocrx_word' id='word_1_118' title='bbox 278 2011 309 2061; x_wconf 91' lang='lat' dir='ltr'>et</span> <span class='ocrx_word' id='word_1_119' title='bbox 334 1997 430 2085; x_wconf 87' lang='lat' dir='ltr'>pauci</span> <span class='ocrx_word' id='word_1_120' title='bbox 453 2019 490 2060; x_wconf 83' lang='lat' dir='ltr'>ex</span> <span class='ocrx_word' id='word_1_121' title='bbox 510 1995 679 2060; x_wconf 85' lang='lat' dir='ltr'>clientibus</span> <span class='ocrx_word' id='word_1_122' title='bbox 696 1995 845 2077; x_wconf 87' lang='lat' dir='ltr'>Lentuli,</span> <span class='ocrx_word' id='word_1_123' title='bbox 867 1995 1003 2063; x_wconf 80' lang='lat' dir='ltr'>dirersis</span> <span class='ocrx_word' id='word_1_124' title='bbox 1029 1995 1223 2080; x_wconf 59' lang='lat' dir='ltr'>itineribus,</span> <span class='ocrx_word' id='word_1_125' title='bbox 1304 2084 1307 2090; x_wconf 25' lang='grc' dir='ltr'>Ι</span> 
     </span>
     <span class='ocr_line' id='line_1_17' title="bbox 151 2100 1222 2193; baseline 0.004 -27"><span class='ocrx_word' id='word_1_126' title='bbox 151 2100 281 2191; x_wconf 89' lang='lat' dir='ltr'>opifices</span> <span class='ocrx_word' id='word_1_127' title='bbox 305 2117 400 2191; x_wconf 89' lang='lat' dir='ltr'>atque</span> <span class='ocrx_word' id='word_1_128' title='bbox 423 2101 551 2168; x_wconf 87' lang='lat' dir='ltr'>servitia</span> <span class='ocrx_word' id='word_1_129' title='bbox 574 2102 607 2166; x_wconf 89' lang='lat' dir='ltr'>in</span> <span class='ocrx_word' id='word_1_130' title='bbox 627 2103 706 2169; x_wconf 85' lang='lat' dir='ltr'>vicis</span> <span class='ocrx_word' id='word_1_131' title='bbox 722 2102 852 2168; x_wconf 90' lang='lat' dir='ltr'>adeum</span> <span class='ocrx_word' id='word_1_132' title='bbox 867 2100 1068 2193; x_wconf 89' lang='lat' dir='ltr'>eripiendum</span> <span class='ocrx_word' id='word_1_133' title='bbox 1084 2105 1222 2177; x_wconf 88' lang='lat' dir='ltr'>solicita·</span> 
     </span>
     <span class='ocr_line' id='line_1_18' title="bbox 146 2208 1267 2302; baseline 0.004 -30"><span class='ocrx_word' id='word_1_134' title='bbox 146 2209 227 2301; x_wconf 81' lang='lat' dir='ltr'>¹bant</span> <span class='ocrx_word' id='word_1_135' title='bbox 247 2235 254 2272; x_wconf 91' lang='lat'>:</span> <span class='ocrx_word' id='word_1_136' title='bbox 278 2210 395 2299; x_wconf 87' lang='lat' dir='ltr'>partim</span> <span class='ocrx_word' id='word_1_137' title='bbox 411 2210 618 2298; x_wconf 83' lang='lat' dir='ltr'>exquirebant</span> <span class='ocrx_word' id='word_1_138' title='bbox 641 2210 738 2275; x_wconf 89' lang='lat' dir='ltr'>duces</span> <span class='ocrx_word' id='word_1_139' title='bbox 761 2210 1024 2290; x_wconf 87' lang='lat' dir='ltr'>multitudinum,</span> <span class='ocrx_word' id='word_1_140' title='bbox 1048 2211 1102 2300; x_wconf 90' lang='lat' dir='ltr'>qui</span> <span class='ocrx_word' id='word_1_141' title='bbox 1118 2208 1223 2302; x_wconf 85' lang='lat' dir='ltr'>pretio</span> <span class='ocrx_word' id='word_1_142' title='bbox 1264 2247 1267 2252; x_wconf 91' lang='lat'><strong>·</strong></span> 
     </span>
     <span class='ocr_line' id='line_1_19' title="bbox 149 2314 1221 2408; baseline 0.002 -28"><span class='ocrx_word' id='word_1_143' title='bbox 149 2314 393 2406; x_wconf 89' lang='lat' dir='ltr'>Rempublioam</span> <span class='ocrx_word' id='word_1_144' title='bbox 416 2340 529 2384; x_wconf 80' lang='lat' dir='ltr'>vexare</span> <span class='ocrx_word' id='word_1_145' title='bbox 549 2318 635 2383; x_wconf 87' lang='lat' dir='ltr'>soliti</span> <span class='ocrx_word' id='word_1_146' title='bbox 651 2330 748 2382; x_wconf 86' lang='lat' dir='ltr'>erant.</span> <span class='ocrx_word' id='word_1_147' title='bbox 759 2317 927 2407; x_wconf 74' lang='lat' dir='ltr'>Cethegus</span> <span class='ocrx_word' id='word_1_148' title='bbox 943 2331 1050 2382; x_wconf 90' lang='lat' dir='ltr'>autem</span> <span class='ocrx_word' id='word_1_149' title='bbox 1065 2339 1122 2408; x_wconf 90' lang='lat' dir='ltr'>per</span> <span class='ocrx_word' id='word_1_150' title='bbox 1138 2339 1221 2382; x_wconf 70' lang='lat' dir='ltr'>nun«</span> 
     </span>
     <span class='ocr_line' id='line_1_20' title="bbox 149 2422 1222 2514; baseline 0.005 -26"><span class='ocrx_word' id='word_1_151' title='bbox 149 2424 216 2488; x_wconf 86' lang='lat' dir='ltr'>cios</span> <span class='ocrx_word' id='word_1_152' title='bbox 231 2423 384 2488; x_wconf 87' lang='lat' dir='ltr'>familiam</span> <span class='ocrx_word' id='word_1_153' title='bbox 406 2440 502 2514; x_wconf 87' lang='lat' dir='ltr'>atque</span> <span class='ocrx_word' id='word_1_154' title='bbox 523 2424 666 2497; x_wconf 28' lang='lat' dir='ltr'>libertos,</span> <span class='ocrx_word' id='word_1_155' title='bbox 678 2446 770 2503; x_wconf 85' lang='lat' dir='ltr'>suos,</span> <span class='ocrx_word' id='word_1_156' title='bbox 790 2422 906 2490; x_wconf 91' lang='lat' dir='ltr'>electos</span> <span class='ocrx_word' id='word_1_157' title='bbox 930 2437 963 2487; x_wconf 88' lang='lat' dir='ltr'>et</span> <span class='ocrx_word' id='word_1_158' title='bbox 985 2423 1170 2490; x_wconf 83' lang='lat' dir='ltr'>exercitatos</span> <span class='ocrx_word' id='word_1_159' title='bbox 1186 2423 1222 2493; x_wconf 81' lang='lat' dir='ltr'>in</span> 
     </span>
     <span class='ocr_line' id='line_1_21' title="bbox 148 2529 1223 2620; baseline 0.003 -28"><span class='ocrx_word' id='word_1_160' title='bbox 148 2530 335 2611; x_wconf 87' lang='lat' dir='ltr'>audaciam,</span> <span class='ocrx_word' id='word_1_161' title='bbox 350 2532 478 2611; x_wconf 87' lang='lat' dir='ltr'>orabat,</span> <span class='ocrx_word' id='word_1_162' title='bbox 494 2545 549 2611; x_wconf 88' lang='lat' dir='ltr'>ut,</span> <span class='ocrx_word' id='word_1_163' title='bbox 565 2552 659 2620; x_wconf 86' lang='lat' dir='ltr'>grege</span> <span class='ocrx_word' id='word_1_164' title='bbox 674 2529 758 2595; x_wconf 84' lang='lat' dir='ltr'>sacto</span> <span class='ocrx_word' id='word_1_165' title='bbox 776 2532 804 2611; x_wconf 79' lang='lat'>³,</span> <span class='ocrx_word' id='word_1_166' title='bbox 828 2552 902 2594; x_wconf 89' lang='lat' dir='ltr'>cum</span> <span class='ocrx_word' id='word_1_167' title='bbox 925 2530 997 2596; x_wconf 91' lang='lat' dir='ltr'>telis</span> <span class='ocrx_word' id='word_1_168' title='bbox 1019 2529 1060 2594; x_wconf 87' lang='lat' dir='ltr'>ad</span> <span class='ocrx_word' id='word_1_169' title='bbox 1082 2552 1150 2596; x_wconf 90' lang='lat' dir='ltr'>sese</span> <span class='ocrx_word' id='word_1_170' title='bbox 1173 2530 1223 2595; x_wconf 85' lang='lat' dir='ltr'>in·</span> 
     </span>
     <span class='ocr_line' id='line_1_22' title="bbox 149 2636 1221 2729; baseline 0.003 -29"><span class='ocrx_word' id='word_1_171' title='bbox 149 2652 341 2725; x_wconf 89' lang='lat' dir='ltr'>rumperent.</span> <span class='ocrx_word' id='word_1_172' title='bbox 360 2637 502 2718; x_wconf 93' lang='lat' dir='ltr'>Consul,</span> <span class='ocrx_word' id='word_1_173' title='bbox 517 2638 575 2702; x_wconf 90' lang='lat' dir='ltr'>ubi</span> <span class='ocrx_word' id='word_1_174' title='bbox 590 2661 627 2702; x_wconf 92' lang='lat' dir='ltr'>ea</span> <span class='ocrx_word' id='word_1_175' title='bbox 641 2636 748 2727; x_wconf 89' lang='lat' dir='ltr'>parari</span> <span class='ocrx_word' id='word_1_176' title='bbox 762 2637 931 2726; x_wconf 87' lang='lat' dir='ltr'>cognorit,</span> <span class='ocrx_word' id='word_1_177' title='bbox 952 2636 1114 2728; x_wconf 90' lang='lat' dir='ltr'>dispositis</span> <span class='ocrx_word' id='word_1_178' title='bbox 1129 2661 1221 2729; x_wconf 83' lang='lat' dir='ltr'>prae·</span> 
     </span>
     <span class='ocr_line' id='line_1_23' title="bbox 147 2742 1220 2835; baseline 0.005 -29"><span class='ocrx_word' id='word_1_179' title='bbox 147 2742 238 2808; x_wconf 86' lang='lat' dir='ltr'>sidiis</span> <span class='ocrx_word' id='word_1_180' title='bbox 248 2744 327 2834; x_wconf 58' lang='lat' dir='ltr'>,suti</span> <span class='ocrx_word' id='word_1_181' title='bbox 341 2767 392 2810; x_wconf 89' lang='lat' dir='ltr'>res</span> <span class='ocrx_word' id='word_1_182' title='bbox 407 2759 502 2834; x_wconf 87' lang='lat' dir='ltr'>atque</span> <span class='ocrx_word' id='word_1_183' title='bbox 517 2755 642 2835; x_wconf 85' lang='lat' dir='ltr'>tempus</span> <span class='ocrx_word' id='word_1_184' title='bbox 658 2745 826 2824; x_wconf 87' lang='lat' dir='ltr'>monebat,</span> <span class='ocrx_word' id='word_1_185' title='bbox 850 2758 1024 2814; x_wconf 83' lang='lat' dir='ltr'>convocato</span> <span class='ocrx_word' id='word_1_186' title='bbox 1041 2759 1154 2811; x_wconf 82' lang='lat' dir='ltr'>senatu</span> <span class='ocrx_word' id='word_1_187' title='bbox 1170 2769 1220 2811; x_wconf 83' lang='lat' dir='ltr'>rc-</span> 
     </span>
     <span class='ocr_line' id='line_1_24' title="bbox 147 2848 1221 2940; baseline 0.003 -26"><span class='ocrx_word' id='word_1_188' title='bbox 147 2848 219 2932; x_wconf 82' lang='lat' dir='ltr'>fert,</span> <span class='ocrx_word' id='word_1_189' title='bbox 230 2850 314 2933; x_wconf 81' lang='lat' dir='ltr'>Quid</span> <span class='ocrx_word' id='word_1_190' title='bbox 328 2851 366 2916; x_wconf 86' lang='lat' dir='ltr'>de</span> <span class='ocrx_word' id='word_1_191' title='bbox 383 2854 422 2914; x_wconf 86' lang='lat' dir='ltr'>iis</span> <span class='ocrx_word' id='word_1_192' title='bbox 427 2854 509 2936; x_wconf 84' lang='lat' dir='ltr'>fieri</span> <span class='ocrx_word' id='word_1_193' title='bbox 521 2853 665 2940; x_wconf 86' lang='lat' dir='ltr'>placeat,</span> <span class='ocrx_word' id='word_1_194' title='bbox 678 2855 779 2940; x_wconf 87' lang='lat' dir='ltr'>quiin</span> <span class='ocrx_word' id='word_1_195' title='bbox 795 2853 971 2917; x_wconf 85' lang='lat' dir='ltr'>custodiam</span> <span class='ocrx_word' id='word_1_196' title='bbox 988 2853 1099 2916; x_wconf 84' lang='lat' dir='ltr'>traditi</span> <span class='ocrx_word' id='word_1_197' title='bbox 1114 2856 1221 2918; x_wconf 78' lang='lat' dir='ltr'>erant:</span> 
     </span>
     <span class='ocr_line' id='line_1_25' title="bbox 149 2957 1221 3049; baseline 0.003 -28"><span class='ocrx_word' id='word_1_198' title='bbox 149 2957 204 3021; x_wconf 86' lang='lat' dir='ltr'>sed</span> <span class='ocrx_word' id='word_1_199' title='bbox 227 2980 280 3022; x_wconf 91' lang='lat' dir='ltr'>eos</span> <span class='ocrx_word' id='word_1_200' title='bbox 303 2959 413 3047; x_wconf 91' lang='lat' dir='ltr'>paullo</span> <span class='ocrx_word' id='word_1_201' title='bbox 438 2974 510 3026; x_wconf 86' lang='lat' dir='ltr'>ante</span> <span class='ocrx_word' id='word_1_202' title='bbox 532 2959 682 3049; x_wconf 89' lang='lat' dir='ltr'>frequens</span> <span class='ocrx_word' id='word_1_203' title='bbox 706 2974 834 3025; x_wconf 88' lang='lat' dir='ltr'>senatus</span> <span class='ocrx_word' id='word_1_204' title='bbox 858 2959 1079 3043; x_wconf 83' lang='lat' dir='ltr'>judicaverat:</span> <span class='ocrx_word' id='word_1_205' title='bbox 1100 2965 1221 3024; x_wconf 81' lang='lat' dir='ltr'>Contra</span> 
     </span>
     <span class='ocr_line' id='line_1_26' title="bbox 149 3065 1224 3156; baseline 0.006 -30"><span class='ocrx_word' id='word_1_206' title='bbox 149 3065 528 3152; x_wconf 77' lang='lat' dir='ltr'>Rempublioamsacr&#39;see3</span> <span class='ocrx_word' id='word_1_207' title='bbox 543 3081 612 3132; x_wconf 89' lang='lat' dir='ltr'>tum</span> <span class='ocrx_word' id='word_1_208' title='bbox 628 3067 669 3131; x_wconf 90' lang='lat' dir='ltr'>D.</span> <span class='ocrx_word' id='word_1_209' title='bbox 686 3067 807 3132; x_wconf 79' lang='lat' dir='ltr'>lunius</span> <span class='ocrx_word' id='word_1_210' title='bbox 825 3067 955 3132; x_wconf 86' lang='lat' dir='ltr'>Silanus</span> <span class='ocrx_word' id='word_1_211' title='bbox 970 3067 999 3146; x_wconf 81' lang='lat'>⁴,</span> <span class='ocrx_word' id='word_1_212' title='bbox 1012 3067 1134 3156; x_wconf 87' lang='lat' dir='ltr'>primus</span> <span class='ocrx_word' id='word_1_213' title='bbox 1151 3088 1224 3132; x_wconf 85' lang='lat' dir='ltr'>sen·</span> 
     </span>
    </p>
   </div>
   <div class='ocr_carea' id='block_1_3' title="bbox 149 3287 1299 3518">
    <p class='ocr_par' dir='ltr' id='par_1_4' title="bbox 149 3287 1299 3518">
     <span class='ocr_line' id='line_1_27' title="bbox 170 3287 1299 3369; baseline 0.003 -25"><span class='ocrx_word' id='word_1_214' title='bbox 170 3288 662 3369; x_wconf 80' lang='lat' dir='ltr'>sAdulescentulumappellat,l&#39;a-</span> <span class='ocrx_word' id='word_1_215' title='bbox 702 3291 828 3350; x_wconf 86' lang='lat' dir='ltr'>tentiam.</span> <span class='ocrx_word' id='word_1_216' title='bbox 847 3294 1005 3366; x_wconf 84' lang='lat' dir='ltr'>Quumque</span> <span class='ocrx_word' id='word_1_217' title='bbox 1017 3287 1054 3346; x_wconf 80' lang='lat' dir='ltr'>ad</span> <span class='ocrx_word' id='word_1_218' title='bbox 1066 3288 1221 3359; x_wconf 77' lang='lat' dir='ltr'>Caesarem</span> <span class='ocrx_word' id='word_1_219' title='bbox 1296 3305 1299 3309; x_wconf 80' lang='grc'>’</span> 
     </span>
     <span class='ocr_line' id='line_1_28' title="bbox 150 3367 1220 3444; baseline 0.004 -25"><span class='ocrx_word' id='word_1_220' title='bbox 150 3376 194 3420; x_wconf 85' lang='lat' dir='ltr'>eta</span> <span class='ocrx_word' id='word_1_221' title='bbox 203 3367 416 3444; x_wconf 86' lang='lat' dir='ltr'>comparatione</span> <span class='ocrx_word' id='word_1_222' title='bbox 428 3387 494 3425; x_wconf 90' lang='lat' dir='ltr'>eum</span> <span class='ocrx_word' id='word_1_223' title='bbox 505 3381 596 3426; x_wconf 84' lang='lat' dir='ltr'>aetate</span> <span class='ocrx_word' id='word_1_224' title='bbox 606 3369 663 3425; x_wconf 87' lang='lat' dir='ltr'>Ca·</span> <span class='ocrx_word' id='word_1_225' title='bbox 703 3369 867 3425; x_wconf 84' lang='lat' dir='ltr'>Praetorem</span> <span class='ocrx_word' id='word_1_226' title='bbox 898 3367 1077 3442; x_wconf 85' lang='lat' dir='ltr'>designatum</span> <span class='ocrx_word' id='word_1_227' title='bbox 1101 3381 1220 3426; x_wconf 80' lang='lat' dir='ltr'>ventum</span> 
     </span>
     <span class='ocr_line' id='line_1_29' title="bbox 149 3439 1219 3518; baseline 0.001 -22"><span class='ocrx_word' id='word_1_228' title='bbox 149 3439 211 3501; x_wconf 85' lang='lat' dir='ltr'>tuli.</span> <span class='ocrx_word' id='word_1_229' title='bbox 702 3443 1219 3518; x_wconf 82' lang='lat' dir='ltr'>suit,habuitillamorationem‚quam</span> 
     </span>
    </p>
   </div>
   <div class='ocr_carea' id='block_1_4' title="bbox 168 3517 1306 3599">
    <p class='ocr_par' dir='ltr' id='par_1_5' title="bbox 168 3517 1306 3599">
     <span class='ocr_line' id='line_1_30' title="bbox 168 3517 1306 3599; baseline 0.001 -27"><span class='ocrx_word' id='word_1_230' title='bbox 168 3536 183 3572; x_wconf 79' lang='lat' dir='ltr'>a</span> <span class='ocrx_word' id='word_1_231' title='bbox 198 3518 371 3594; x_wconf 86' lang='lat' dir='ltr'>Iujieieudae</span> <span class='ocrx_word' id='word_1_232' title='bbox 381 3518 551 3595; x_wconf 84' lang='lat' dir='ltr'>suspicionis</span> <span class='ocrx_word' id='word_1_233' title='bbox 562 3531 662 3575; x_wconf 82' lang='lat' dir='ltr'>contra</span> <span class='ocrx_word' id='word_1_234' title='bbox 700 3520 800 3576; x_wconf 87' lang='lat' dir='ltr'>retulit</span> <span class='ocrx_word' id='word_1_235' title='bbox 812 3520 983 3588; x_wconf 84' lang='lat' dir='ltr'>Sallustius,</span> <span class='ocrx_word' id='word_1_236' title='bbox 1003 3538 1135 3594; x_wconf 81' lang='lat' dir='ltr'>quaeque</span> <span class='ocrx_word' id='word_1_237' title='bbox 1148 3517 1221 3573; x_wconf 87' lang='lat' dir='ltr'>adeo</span> <span class='ocrx_word' id='word_1_238' title='bbox 1280 3552 1289 3599; x_wconf 19' lang='grc' dir='ltr'>λη</span> <span class='ocrx_word' id='word_1_239' title='bbox 1303 3589 1306 3597; x_wconf 32' lang='grc' dir='ltr'>Ι</span> 
     </span>
    </p>
   </div>
   <div class='ocr_carea' id='block_1_5' title="bbox 147 3593 1220 3978">
    <p class='ocr_par' dir='ltr' id='par_1_6' title="bbox 147 3593 1220 3978">
     <span class='ocr_line' id='line_1_31' title="bbox 150 3593 1220 3673; baseline -0.001 -24"><span class='ocrx_word' id='word_1_240' title='bbox 150 3595 311 3654; x_wconf 87' lang='lat' dir='ltr'>Caesarem.</span> <span class='ocrx_word' id='word_1_241' title='bbox 702 3593 1220 3673; x_wconf 78' lang='lat' dir='ltr'>opinionesimrnutavit‚utltaecscu-</span> 
     </span>
     <span class='ocr_line' id='line_1_32' title="bbox 166 3668 1220 3738; baseline 0.001 -13"><span class='ocrx_word' id='word_1_242' title='bbox 166 3668 184 3725; x_wconf 84' lang='lat'>3</span> <span class='ocrx_word' id='word_1_243' title='bbox 204 3672 282 3728; x_wconf 86' lang='lat' dir='ltr'>Idest</span> <span class='ocrx_word' id='word_1_244' title='bbox 293 3670 568 3729; x_wconf 85' lang='lat' dir='ltr'>multitudinelacta.</span> <span class='ocrx_word' id='word_1_245' title='bbox 702 3673 789 3729; x_wconf 90' lang='lat' dir='ltr'>tentia</span> <span class='ocrx_word' id='word_1_246' title='bbox 803 3673 906 3732; x_wconf 86' lang='lat' dir='ltr'>victrix</span> <span class='ocrx_word' id='word_1_247' title='bbox 924 3672 983 3727; x_wconf 87' lang='lat' dir='ltr'>fore</span> <span class='ocrx_word' id='word_1_248' title='bbox 1001 3668 1165 3738; x_wconf 87' lang='lat' dir='ltr'>videretur;</span> <span class='ocrx_word' id='word_1_249' title='bbox 1185 3689 1220 3726; x_wconf 87' lang='lat' dir='ltr'>eo</span> 
     </span>
     <span class='ocr_line' id='line_1_33' title="bbox 162 3745 1220 3825; baseline -0.001 -23"><span class='ocrx_word' id='word_1_250' title='bbox 162 3746 186 3818; x_wconf 70' lang='grc'><strong><em>4</em></strong></span> <span class='ocrx_word' id='word_1_251' title='bbox 194 3747 308 3804; x_wconf 86' lang='lat' dir='ltr'>Silanus</span> <span class='ocrx_word' id='word_1_252' title='bbox 317 3747 416 3805; x_wconf 90' lang='lat' dir='ltr'>consul</span> <span class='ocrx_word' id='word_1_253' title='bbox 424 3747 589 3824; x_wconf 81' lang='lat' dir='ltr'>designatus</span> <span class='ocrx_word' id='word_1_254' title='bbox 599 3767 665 3803; x_wconf 90' lang='lat' dir='ltr'>cum</span> <span class='ocrx_word' id='word_1_255' title='bbox 703 3750 792 3824; x_wconf 82' lang='lat' dir='ltr'>magis</span> <span class='ocrx_word' id='word_1_256' title='bbox 807 3747 886 3825; x_wconf 90' lang='lat' dir='ltr'>quod</span> <span class='ocrx_word' id='word_1_257' title='bbox 903 3749 958 3823; x_wconf 88' lang='lat' dir='ltr'>ipsi</span> <span class='ocrx_word' id='word_1_258' title='bbox 967 3745 1114 3802; x_wconf 90' lang='lat' dir='ltr'>Ciceronis</span> <span class='ocrx_word' id='word_1_259' title='bbox 1125 3746 1220 3815; x_wconf 74' lang='lat' dir='ltr'>amici,</span> 
     </span>
     <span class='ocr_line' id='line_1_34' title="bbox 147 3822 1220 3900; baseline 0 -22"><span class='ocrx_word' id='word_1_260' title='bbox 147 3824 258 3898; x_wconf 89' lang='lat' dir='ltr'>primus</span> <span class='ocrx_word' id='word_1_261' title='bbox 298 3824 454 3881; x_wconf 88' lang='lat' dir='ltr'>censuisset</span> <span class='ocrx_word' id='word_1_262' title='bbox 501 3826 664 3898; x_wconf 85' lang='lat' dir='ltr'>conjuratos</span> <span class='ocrx_word' id='word_1_263' title='bbox 703 3825 798 3880; x_wconf 85' lang='lat' dir='ltr'>minus</span> <span class='ocrx_word' id='word_1_264' title='bbox 825 3822 1016 3900; x_wconf 87' lang='lat' dir='ltr'>periculosam</span> <span class='ocrx_word' id='word_1_265' title='bbox 1027 3822 1098 3890; x_wconf 89' lang='lat' dir='ltr'>rati,</span> <span class='ocrx_word' id='word_1_266' title='bbox 1120 3839 1220 3879; x_wconf 84' lang='lat' dir='ltr'>omnes</span> 
     </span>
     <span class='ocr_line' id='line_1_35' title="bbox 148 3898 1219 3978; baseline -0.002 -24"><span class='ocrx_word' id='word_1_267' title='bbox 148 3912 240 3956; x_wconf 88' lang='lat' dir='ltr'>morte</span> <span class='ocrx_word' id='word_1_268' title='bbox 256 3919 320 3957; x_wconf 84' lang='lat' dir='ltr'>esse</span> <span class='ocrx_word' id='word_1_269' title='bbox 338 3899 522 3978; x_wconf 87' lang='lat' dir='ltr'>plectendos;</span> <span class='ocrx_word' id='word_1_270' title='bbox 543 3898 665 3956; x_wconf 87' lang='lat' dir='ltr'>Catulus</span> <span class='ocrx_word' id='word_1_271' title='bbox 704 3899 843 3958; x_wconf 90' lang='lat' dir='ltr'>oculosin</span> <span class='ocrx_word' id='word_1_272' title='bbox 854 3920 921 3956; x_wconf 89' lang='lat' dir='ltr'>eum</span> <span class='ocrx_word' id='word_1_273' title='bbox 938 3908 1157 3966; x_wconf 86' lang='lat' dir='ltr'>converterunt,</span> <span class='ocrx_word' id='word_1_274' title='bbox 1169 3917 1219 3954; x_wconf 83' lang='lat' dir='ltr'>ex·</span> 
     </span>
    </p>
   </div>
   <div class='ocr_carea' id='block_1_6' title="bbox 148 3972 1220 4145">
    <p class='ocr_par' dir='ltr' id='par_1_7' title="bbox 148 3972 1220 4145">
     <span class='ocr_line' id='line_1_36' title="bbox 148 3972 1220 4054; baseline -0.004 -22"><span class='ocrx_word' id='word_1_275' title='bbox 148 3987 264 4032; x_wconf 84' lang='lat' dir='ltr'>senatus</span> <span class='ocrx_word' id='word_1_276' title='bbox 293 3977 449 4054; x_wconf 87' lang='lat' dir='ltr'>princeps,</span> <span class='ocrx_word' id='word_1_277' title='bbox 481 3983 613 4034; x_wconf 83' lang='lat' dir='ltr'>ceusbres</span> <span class='ocrx_word' id='word_1_278' title='bbox 637 3986 665 4032; x_wconf 89' lang='lat' dir='ltr'>et</span> <span class='ocrx_word' id='word_1_279' title='bbox 702 3989 849 4053; x_wconf 86' lang='lat' dir='ltr'>pectantes</span> <span class='ocrx_word' id='word_1_280' title='bbox 858 3989 891 4033; x_wconf 90' lang='lat' dir='ltr'>ut</span> <span class='ocrx_word' id='word_1_281' title='bbox 900 3974 1082 4051; x_wconf 86' lang='lat' dir='ltr'>approbaret.</span> <span class='ocrx_word' id='word_1_282' title='bbox 1090 3972 1146 4029; x_wconf 90' lang='lat' dir='ltr'>Sed</span> <span class='ocrx_word' id='word_1_283' title='bbox 1154 3992 1220 4030; x_wconf 88' lang='lat' dir='ltr'>curn</span> 
     </span>
     <span class='ocr_line' id='line_1_37' title="bbox 148 4048 1219 4145; baseline -0.002 -38"><span class='ocrx_word' id='word_1_284' title='bbox 148 4063 295 4145; x_wconf 65' lang='lat' dir='ltr'>pgaetores</span> <span class='ocrx_word' id='word_1_285' title='bbox 324 4054 439 4112; x_wconf 80' lang='lat' dir='ltr'>iverunt</span> <span class='ocrx_word' id='word_1_286' title='bbox 459 4053 490 4124; x_wconf 79' lang='lat' dir='ltr'>ip</span> <span class='ocrx_word' id='word_1_287' title='bbox 512 4055 573 4128; x_wconf 85' lang='lat' dir='ltr'>ejus</span> <span class='ocrx_word' id='word_1_288' title='bbox 601 4067 664 4111; x_wconf 86' lang='lat' dir='ltr'>sen·</span> <span class='ocrx_word' id='word_1_289' title='bbox 704 4053 888 4123; x_wconf 79' lang='lat' dir='ltr'>surrexisset,</span> <span class='ocrx_word' id='word_1_290' title='bbox 908 4048 1056 4126; x_wconf 85' lang='lat' dir='ltr'>suspendit</span> <span class='ocrx_word' id='word_1_291' title='bbox 1071 4050 1219 4130; x_wconf 80' lang='lat' dir='ltr'>opiniones</span> 
     </span>
    </p>
   </div>
   <div class='ocr_carea' id='block_1_7' title="bbox 0 0 1448 4748">
    <p class='ocr_par' dir='ltr' id='par_1_8' title="bbox 0 0 1448 4748">
     <span class='ocr_line' id='line_1_38' title="bbox 0 0 1448 4748; baseline 0 1"><span class='ocrx_word' id='word_1_292' title='bbox 0 0 1448 4748; x_wconf 95' lang='lat' dir='ltr'> </span> 
     </span>
    </p>
   </div>
  </div>
 </body>
</html>
