2888 4748
325 325 633 399 consessorum
657 325 945 402 nesromoou
1107 330 1171 420 m,

114 482 176 548 sibi
198 482 383 572 populoque
414 482 559 546 Romano
590 479 702 544 exinde
729 479 938 544 amicissimus
959 491 1006 544 est
1034 477 1173 544 habitus.

114 589 247 655 Interim
270 588 457 655 Nicomedes
481 587 651 676 Bithyniae
680 610 734 650 rex
764 587 849 651 diem
878 587 976 667 obiit,
998 587 1054 676 qui
1084 587 1174 674 regni

114 719 151 759 ae
166 697 321 761 bonorum
337 717 468 761 suorum
483 694 650 758 haeredem
666 716 704 760 ex
723 708 909 759 testamento
931 694 1103 782 reliquerat
1117 717 1173 782 po-

114 802 227 891 pulum
242 803 430 867 Romanum.
447 801 627 866 Praesensit
642 799 770 889 quidem
785 799 984 868 Mithridates
1000 798 1079 878 fore,
1094 814 1131 878 ut
1146 800 1174 864 si

115 911 194 991 ejus.
207 909 610 998 provinciaepotirentur,
632 908 769 972 Romani
799 930 886 972 erma
904 908 938 972 in
961 930 994 973 se
1014 920 1176 973 converte-

42 1062 49 1069 ·
115 1029 192 1080 rent
209 1016 335 1080 Bellum
349 1017 456 1103 itaque
472 1029 544 1080 ante
559 1014 777 1082 renovandum
792 1015 931 1094 censuit,
946 1036 1044 1103 quam
1060 1035 1098 1077 ex
1113 1013 1176 1077 lta-

116 1123 160 1185 lia
173 1122 207 1186 in
224 1121 408 1210 Bithyniam
423 1122 534 1210 copiae
549 1123 844 1191 transmitterentur.
862 1120 970 1210 Atque
983 1134 1020 1186 ut
1035 1120 1178 1186 consiliis

117 1229 183 1305 suis
199 1229 338 1317 speeiem
352 1227 481 1317 pietatis
496 1227 696 1310 obtenderet,
717 1251 778 1318 per*
798 1243 896 1293 totam
920 1227 1031 1293 Asiam
1055 1226 1179 1317 vulgari

118 1335 254 1416 curarit,
269 1335 377 1419 sorori·
386 1358 468 1400 suae⁴
477 1335 596 1416 Nusae,
612 1358 707 1424 quam
718 1334 1029 1424 Nicomedi-nuptam
1042 1335 1179 1399 Romani

119 1443 260 1532 reginam
275 1443 683 1532 probaverant,superesse
699 1465 736 1507 ex
759 1465 796 1506 eo
819 1442 961 1530 genitum
983 1439 1102 1522 filium,
1126 1443 1180 1506 oui

118 1571 255 1638 regnum
269 1553 340 1633 jure
355 1549 532 1614 deberetur.
548 1549 762 1637 Exhibitoque
776 1548 872 1619 simul
887 1549 1089 1638 principibus
1104 1549 1182 1613 viris

120 1672 152 1728 et
167 1657 288 1747 populo
304 1656 463 1746 ingenuae
477 1655 598 1722 formae
613 1656 859 1734 adolescentulo,
876 1677 971 1744 quem
980 1655 1183 1720 Nicomedem

121 1764 315 1853 appellarit,
337 1764 428 1853 quasi
454 1778 492 1828 ut
513 1776 657 1829 tueretur
687 1761 803 1826 sororis
819 1759 879 1824 filii
901 1765 984 1844 jura,
1010 1762 1184 1826 exercitum

122 1869 326 1960 comparavit

1081 1934 1085 1943 ι

166 1980 224 2040 His
240 1976 336 2040 rebus
351 1976 473 2039 Romae
488 1975 659 2054 nunciatis,
674 1975 711 2038 L.
729 1974 886 2040 Lucullus
903 1974 1015 2040 consul
1032 1975 1184 2065 pedestri·
1231 2023 1233 2028 ·

119 2083 181 2146 bus
197 2081 347 2148 adversus
362 2081 458 2145 Ponti
472 2103 578 2169 regem
593 2082 706 2171 copiis,
721 2082 887 2159 navalibus
897 2082 940 2147 Μ.
954 2082 1047 2147 Cotta
1062 2082 1187 2172 collega

116 2192 189 2272 ejus
205 2186 357 2277 praefecti
375 2203 457 2252 sunt
482 2187 588 2253 Ambo
611 2204 809 2256 maturavere
832 2191 892 2255 iter
914 2213 1064 2279 pergere:
1089 2190 1187 2265 Chal·

121 2297 273 2362 oedonem
285 2303 397 2369 sersus
415 2295 509 2361 Cotta
532 2296 712 2385 navigavit,
733 2311 907 2395 otpertum
930 2320 1004 2362 eum
1020 2297 1121 2363 classe
1136 2297 1184 2362 in·

95 2474 97 2478 ,
122 2426 248 2493 gressus
270 2417 325 2467 est
342 2402 392 2466 Ibi
407 2403 524 2467 milites
540 2426 576 2466 ex
592 2403 726 2468 navibus
741 2404 899 2492 expositos
910 2404 1005 2468 Nudo
1021 2404 1094 2468 duci
1111 2428 1185 2468 eon-

123 2509 274 2574 ereditlit:
298 2509 367 2598 ipse
390 2530 464 2578 cum
485 2508 596 2597 paucis
619 2508 653 2571 in
676 2508 788 2573 urbem
810 2510 959 2577 introivit
985 2510 1185 2577 Mithridates

123 2616 343 2680 Romanorum
358 2614 495 2681 adventu
510 2637 568 2704 per
582 2615 794 2704 exploratores
819 2617 966 2705 cognito,
989 2618 1121 2707 magnis·
1134 2619 1185 2683 iti-

123 2723 252 2818 neribus
261 2723 295 2785 in
304 2744 358 2786 eos
374 2721 547 2802 contendit,
556 2722 714 2811 proelium
730 2737 821 2788 antea
838 2725 1081 2805 commissurus,
1091 2748 1188 2814 quam

124 2829 281 2895 Lucullus
298 2851 371 2893 eum
380 2828 541 2918 legionum
556 2829 670 2893 robore
686 2829 876 2896 adventaret.
888 2830 996 2919 Atque
1012 2832 1189 2922 eadiligen·

123 2936 168 3000 tia
184 2936 379 3024 silentioque
394 2937 455 3000 iter
470 2935 624 3018 confecit,
639 2951 676 3001 ut
689 2936 795 3002 hostes
810 2937 984 3027 imparatos
1002 2962 1186 3028 aggressus,

124 3065 178 3106 eos
194 3042 431 3132 incompositos,
446 3043 611 3133 inopinato
627 3044 747 3134 impetu
763 3046 923 3125 attonitos,
933 3046 1037 3135 primo
1052 3047 1186 3110 incursu

125 3169 237 3239 aspera
252 3151 348 3214 coede
366 3152 567 3238 percusserit
592 3151 705 3220 Donec
728 3152 796 3231 illi,
819 3167 948 3242 stupore
971 3153 1097 3242 posito,
1121 3168 1188 3218 tur-

125 3256 236 3319 matim
251 3277 378 3335 omnes,
392 3270 430 3319 ut
441 3258 609 3322 moenibus
629 3281 661 3321 se
678 3281 710 3321 se
725 3272 909 3340 tuerentur,
931 3260 972 3324 ad
986 3260 1098 3325 urbem
1114 3283 1188 3333 eou-
1209 3334 1212 3339 ⁸

125 3362 255 3450 fugere:
272 3375 304 3425 at
320 3362 413 3425 Cotta
428 3378 589 3444 metuens,
605 3386 646 3427 ne
661 3387 735 3428 cum
754 3366 819 3429 suis
835 3366 940 3432 hostes
956 3368 1030 3456 ipsi,
1054 3367 1111 3457 qui
1134 3391 1188 3432 eos

127 3493 146 3534 a
162 3484 249 3558 tergo
265 3467 694 3559 premebanturgebantque,
709 3472 932 3562 irrumperent,
942 3475 1064 3539 obstrui
1079 3488 1188 3564 portas
1240 3545 1243 3551 ,

126 3577 303 3665 jaculisque
319 3597 427 3640 omnes
442 3576 623 3665 propulsari
646 3579 748 3662 jussit.
770 3579 882 3669 Itaque
903 3605 976 3647 eum
999 3582 1095 3670 primi
1111 3605 1187 3670 sup-

128 3683 227 3771 plices
250 3680 363 3748 manus
380 3682 427 3746 'ad
450 3683 703 3766 commilitones,
732 3687 787 3774 qui
818 3689 851 3754 in
882 3689 1050 3754 moenibus
1078 3700 1187 3768 erant,

129 3790 325 3870 attollerent,
351 3790 467 3880 reliqui
488 3789 647 3861 frustras
671 3791 864 3859 Mithridatis
887 3796 1041 3859 militibus
1065 3794 1186 3859 miseri-

130 3895 269 3959 cordiam
285 3909 506 3986 exposcerent,
523 3898 665 3987 undique
688 3885 874 3966 vulneribus
890 3901 1049 3982 confossi,
1064 3925 1123 3967 nee
1138 3924 1186 3967 re-

129 4016 324 4093 pugnantes,
347 4005 427 4094 ipso.
440 4005 635 4096 inspectante
659 4008 810 4093 consule,
826 4008 992 4081 omnesad
1012 4031 1114 4077 unum
1128 4031 1186 4101 per
