2888 4748
250 336 296 414 tt
540 334 577 399 C.
603 330 753 399 CRISPI
778 326 1028 398 samustlt

246 495 300 550 tus
322 482 422 565 soret,
444 479 539 549 facile
563 505 597 549 se
621 506 659 547 ex
681 482 847 548 voluntate
867 479 1012 545 Antonio
1036 500 1182 544 usurum
1207 478 1323 569 Neque

246 590 368 656 interea
392 591 532 680 quietus.
545 605 629 672 erat,
654 589 710 654 sed
734 590 883 654 omnihus
907 587 1010 652 modis
1034 586 1166 651 insidias
1188 589 1322 677 parabat

248 698 408 764 Ciceroni.
434 699 547 787 Neque
570 698 619 761 illi
635 712 740 762 tamen
763 696 804 761 ad
827 695 1005 763 cavendum
1025 695 1138 774 dolus,
1158 708 1215 760 aut
1237 710 1322 770 astu-

243 803 308 871 tiae
323 806 462 871 deerant.
480 807 627 894 Namque
642 829 661 869 a
676 804 837 894 principio
854 803 1040 869 consulatus
1056 802 1119 882 sui,
1135 803 1236 867 malta
1251 802 1320 893 pol·
1342 786 1347 794 ¹

243 910 371 979 licendo
387 937 445 1004 per
460 913 627 992 Fulviam,
642 911 808 992 effecerat,
824 927 861 976 ut
878 911 1019 996 Quintus
1037 910 1177 991 Curius,
1199 909 1239 975 de
1255 934 1321 999 quo

242 1021 354 1111 paullo
379 1036 452 1085 ante
468 1020 660 1101 memoravi,
684 1019 822 1085 consilia
839 1019 998 1084 Catilinae
1015 1017 1076 1082 sihi
1091 1018 1248 1109 proderet
1266 1016 1320 1083 Ad

242 1126 325 1210 hoe,
350 1129 505 1218 collegam
530 1150 625 1193 suum
642 1126 821 1191 Antonium
842 1127 991 1217 pactione
1014 1127 1224 1215 provinciae¹
1247 1148 1319 1215 per·

241 1235 388 1324 pulerat,
412 1259 453 1299 ne
477 1249 589 1300 contra
605 1235 851 1325 Rempublicam
867 1235 1018 1299 sentiret:
1035 1235 1158 1299 circum
1174 1257 1207 1298 se
1229 1256 1319 1324 prac-

241 1341 326 1413 sidio
345 1342 523 1407 amicorum
543 1357 639 1432 atque
663 1342 829 1408 clientium
846 1342 971 1408 occulte
986 1341 1131 1406 habebat.
1143 1343 1320 1437 Postquam

238 1448 310 1516 dies
335 1450 539 1516 comitiorum
562 1451 666 1530 venit,
689 1464 721 1514 et
746 1450 905 1516 Catilinae
930 1473 1034 1540 neque
1057 1449 1190 1539 petitio,
1214 1472 1320 1538 neque

238 1555 395 1638 insidiae,
418 1581 498 1649 quas
523 1557 650 1622 consuli
666 1556 701 1620 in
718 1580 832 1648 eampo
848 1558 985 1637 fecerat,
1001 1581 1155 1648 prospere
1178 1580 1320 1636 cessere:

237 1666 410 1733 constituit
432 1660 554 1730 bellum
577 1663 701 1746 facere,
725 1680 757 1730 et
780 1679 920 1730 extrema
937 1667 1044 1731 omnia
1060 1665 1219 1755 experiri:
1241 1649 1319 1754 quo·

237 1772 348 1852 niam,
372 1796 455 1861 quac
480 1770 605 1838 occulte
621 1786 816 1853 tentaterat,
832 1796 942 1863 aspera
963 1772 1121 1862 foedaque
1137 1784 1332 1843 evenerant·

286 1879 455 1946 XXVIII.
473 1880 577 1969 Igitur
594 1880 711 1964 Cajum
728 1880 888 1946 Manlium
904 1881 1069 1961 Faesulas,
1086 1894 1182 1969 atque
1198 1881 1232 1945 in
1248 1903 1319 1945 eam

236 2001 363 2079 partem
377 1987 539 2067 Etruriae,
553 1986 746 2076 Septimium
759 1987 931 2076 quemdam
947 1990 1147 2053 Camertem·
1158 1989 1192 2052 in
1204 2011 1318 2076 agrum

236 2090 434 2175 Picenum³,
451 2093 487 2156 C.
505 2095 525 2157 J
529 2094 633 2157 ulium
648 2093 683 2157 in
699 2093 872 2184 Apuliamt
888 2095 1024 2160 dimisit:
1039 2110 1203 2185 praeterea
1219 2095 1318 2161 alium

237 2203 322 2285 alio,
347 2222 445 2291 quem
469 2200 590 2288 ubique
615 2215 834 2290 opportunum
851 2201 912 2267 sibi
928 2202 996 2267 fore
1013 2203 1318 2277 credebatlnterea

237 2310 362 2378 Romae
386 2308 488 2373 multa
512 2308 609 2372 simul
632 2307 760 2372 moliri:
781 2310 907 2385 consuli
932 2309 1065 2374 insidias
1089 2311 1237 2377 tendere:
1260 2335 1316 2402 pa·

234 2442 309 2488 rare
323 2415 492 2485 incendia:
509 2430 691 2506 opportuna
707 2416 779 2480 loca
801 2397 932 2482 armatis
948 2417 1133 2484 horninibus
1151 2418 1315 2484 obsidere:

235 2527 308 2616 ipse
333 2547 407 2590 cum
430 2524 496 2589 telo
521 2547 608 2604 esse,
623 2523 699 2587 item
723 2524 803 2589 alios
827 2525 956 2607 jubere:
973 2525 1112 2606 hortari,
1128 2525 1176 2593 uti
1192 2549 1317 2617 semper

234 2632 354 2697 intenti
377 2629 545 2721 paratique
569 2645 699 2708 essent:
731 2630 799 2697 dies
828 2647 1003 2722 noctesque
1033 2631 1211 2699 festinare:
1236 2635 1315 2724 vigi·

234 2738 321 2807 lure:
338 2760 443 2827 neque
458 2736 647 2819 insomniis,
662 2760 767 2826 neque
783 2739 894 2804 labore
910 2740 1045 2829 fatigari.
1064 2741 1242 2822 Postremo,
1257 2741 1316 2807 uhi
1331 2771 1336 2782 ’

232 2845 339 2912 multa
363 2845 497 2934 agitanti
521 2844 602 2908 nihil
626 2845 796 2934 precedit,
818 2870 931 2912 rursus
955 2848 1146 2938 intempesta
1169 2862 1263 2914 noete
1285 2847 1315 2930 ⁵,

234 2951 470 3038 conjurationis
493 2950 656 3042 principes
680 2968 835 3018 convocat
850 2978 907 3043 per
923 2956 968 3018 M.
986 2957 1138 3021 Porcium
1155 2956 1313 3021 Laecam:

233 3060 346 3150 ibique
369 3060 471 3126 multa
495 3058 535 3125 de
550 3059 678 3148 ignavia
694 3074 806 3125 eorum
822 3077 973 3150 questus,
989 3062 1084 3129 docet
1096 3087 1130 3134 se
1149 3063 1312 3127 Manlium
1345 3068 1349 3087 ’

231 3169 436 3255 praemisisse
452 3168 497 3231 ed
511 3192 582 3232 eam
599 3167 855 3248 multitudinem,
871 3195 968 3256 quam
984 3171 1027 3234 ad
1041 3161 1205 3256 capiunda
1220 3195 1312 3235 arma

231 3291 424 3361 paraverat:
449 3278 524 3340 item
548 3276 630 3340 elios
655 3277 689 3339 in
714 3276 781 3340 ulie
799 3276 870 3340 loeo
886 3294 1065 3363 opportune
1076 3328 1086 3356 ,
1102 3280 1159 3364 qui
1182 3279 1312 3342 initium

232 3380 313 3447 hetti
326 3383 508 3467 facerent,-
537 3406 634 3468 seque
658 3383 702 3447 ad
724 3385 903 3449 exereitum
924 3366 1085 3472 proficisci
1109 3410 1255 3472 cupere,
1284 3385 1314 3449 si
1378 3447 1384 3453 .

255 3611 266 3646 1
291 3590 395 3648 Cicero
403 3588 613 3660 Macedoniam,
626 3611 700 3666 quae
712 3591 754 3651 illi
792 3593 829 3650 ad
846 3612 924 3650 mare
940 3593 1127 3654 Adriaticum³
1142 3597 1188 3651 La
1199 3598 1313 3656 Marcu

233 3666 593 3744 obtigerat‚CajoAntonio
604 3671 753 3736 concessit,
792 3670 968 3730 d'Aucona.

233 3743 415 3874 ppovinciam
440 3743 612 3800 commercio
638 3745 755 3803 orientis
811 3746 894 3818 end
914 3746 1000 3803 maris
1022 3746 1161 3805 Adriatici
1183 3769 1234 3806 ora
1261 3767 1311 3806 ex-

258 3820 361 3877 'vitem
793 3835 891 3882 trema.
918 3827 960 3878 La
982 3826 1101 3898 Puglia.

255 3913 271 3949 2
293 3896 336 3950 Ex
362 3893 471 3982 oppido
492 3895 626 3952 Camerte
652 3897 751 3953 oriun-
809 3898 826 3956 5
848 3900 932 3956 Circa
942 3898 1064 3956 mediam
1077 3913 1202 3967 noctem,
1216 3918 1310 3973 quan·
1397 3957 1400 3960 ,

235 3968 321 4038 dum,
340 3969 426 4028 hodie
449 3974 618 4030 Camerino..
790 3974 828 4036 do
848 3977 943 4035 omnia
963 3996 1067 4054 sopore
1087 3977 1184 4053 quieta
1204 3988 1279 4035 suut.

255 4044 273 4104 3
293 4047 328 4105 In
339 4045 432 4107 media
443 4048 656 4125 propemodum
668 4047 750 4106 Italia
