2888 4748
384 330 575 400 BELLUM
599 326 941 400 JUGURTHINUM
1134 333 1197 412 tib
1286 368 1288 372 >

129 490 200 553 elem
209 536 219 569 ,
233 510 277 552 ea
291 487 393 551 animi
407 489 471 551 mei
492 484 678 564 sententio,'
690 485 817 549 loedere
842 482 937 548 nulla
959 485 1060 550 oratio
1082 501 1196 572 potest.

132 599 254 683 Quippe
269 617 342 660 raro
356 611 384 675 ¹,
399 617 525 660 necesse
542 611 589 660 ost
604 596 683 661 bone
698 595 864 682 praedicet
874 595 1035 680 :salsam,
1052 596 1116 658 rita
1131 616 1227 671 mam,

128 726 240 791 resque
256 707 320 769 mei
334 719 495 790 superant.
513 705 578 768 Sed
593 707 746 791 quoniam
768 719 870 768 restro
891 703 1027 766 consilia
1042 725 1199 766 accusan-

128 830 201 891 tur,
220 817 278 899 qui
298 813 377 876 mibi
397 834 554 877 summum
578 814 728 877 bonorem
758 829 792 878 et
820 832 1009 876 maxumum
1035 810 1199 896 negotium
1223 858 1227 866 .

41 996 44 1002 Ι
129 923 334 1007 inposuistis:
349 923 445 984 etiam
461 935 557 1006 atque
573 924 670 985 ctiam
685 937 854 1009 reputate,
869 944 946 983 num
963 940 1072 984 eorum
1086 919 1198 1004 poeni·

127 1028 256 1092 tendum
277 1031 326 1090 sit.
352 1031 422 1091 Non
444 1052 571 1114 possum
583 1079 592 1108 ,
605 1030 715 1113 fidei'
737 1054 874 1106 caussa,
908 1030 1062 1114 imagines
1090 1048 1196 1113 neque

125 1135 321 1221 triumpbos,
336 1150 394 1198 aut
408 1136 591 1199 consulatus
607 1141 764 1221 majorum
781 1159 922 1200 meorum
940 1150 1100 1199 ostentare
1113 1164 1121 1213 ;
1139 1150 1197 1213 ot,

126 1246 156 1306 si
169 1268 219 1307 res
232 1242 390 1329 postulet,
412 1243 540 1324 hastos,
562 1245 734 1323 vexillum,
753 1244 925 1330 phaleras,
946 1245 1016 1306 olio
1040 1243 1199 1306 militaria

125 1350 223 1428 dona,
236 1366 403 1435 praetereo
418 1353 582 1420 cicatrices
598 1351 727 1415 adverso
743 1375 875 1437 corpore
889 1350 910 1412 ⁸.
930 1355 999 1414 Hae
1014 1365 1090 1414 sunt
1106 1371 1199 1414 meae

121 1459 295 1543 imagines,
311 1457 390 1522 boec
410 1459 581 1539 nobilitas,
603 1482 667 1522 non
689 1458 887 1523 haereditate
912 1458 1051 1537 relicto,
1074 1472 1112 1521 ut
1136 1457 1200 1521 illa
1292 1533 1296 1541 ,

125 1565 191 1628 illis
206 1614 216 1644 ,
238 1565 294 1629 sed
316 1591 399 1653 quoe
421 1589 477 1655 ego
501 1570 578 1632 meis
598 1568 748 1654 plurimis
781 1566 946 1631 laboribus
983 1582 1015 1631 et
1043 1566 1201 1653 periculis

123 1675 272 1757 quaesivi.
296 1678 367 1738 Non
391 1690 467 1738 sunt
489 1678 665 1760 composito
687 1674 783 1739 verba
805 1699 898 1738 moa:
920 1676 1012 1760 parri
1035 1674 1069 1736 id
1082 1673 1202 1757 saci03

123 1781 193 1864 ipso
207 1804 243 1844 se
257 1783 353 1844 virtus
367 1785 445 1845 satis
461 1783 611 1846 ostendit:
627 1783 693 1844 illis
709 1783 846 1865 artificio
863 1805 941 1867 opus
958 1796 1020 1857 est,
1034 1796 1071 1842 ut
1087 1782 1198 1866 turpia

117 1887 210 1970 sacta
220 1876 368 1953 'oratione
385 1904 501 1974 tegant.
511 1894 622 1974 Neque
638 1889 761 1951 litteras
775 1893 913 1950 Graecas
928 1885 939 1923 ⁴
955 1886 1065 1949 didici.
1076 1889 1201 1950 Parum

121 1994 272 2077 placebat
286 2019 340 2057 eos
356 1995 499 2073 discere,
515 1998 633 2080 quippe
650 2018 732 2080 quoe
753 1993 797 2056 acl
818 1997 964 2058 virtutem
986 1993 1170 2058 doctoribus
1185 2003 1199 2042 ⁸

122 2100 206 2162 nibil
217 2102 416 2186 prosuerunt.
434 2106 475 2165 As
498 2102 558 2166 illo
582 2103 683 2166 multo
707 2113 836 2187 optumo
853 2101 1060 2187 Reipublicae
1084 2101 1202 2165 doctus

121 2230 210 2284 sum3
225 2206 473 2292 bostemserire,
486 2210 650 2296 praesidia
665 2213 786 2297 agitare
801 2206 835 2288 ⁶,
850 2209 934 2273 nibil
949 2225 1111 2287 metuere,
1127 2209 1196 2272 nisi

123 2331 246 2401 turpem
259 2317 388 2400 famam
400 2346 411 2395 ,-
433 2317 567 2382 hiemem
589 2333 621 2382 et
643 2334 796 2382 aestatem
816 2319 917 2399 juxta
931 2318 1022 2400 poti3
1041 2315 1133 2388 ¹lrurrsi
1147 2333 1203 2380 rei

122 2425 296 2507 quiescere3
311 2425 420 2488 coelem
437 2440 576 2510 tempore
593 2427 735 2508 inopiam
757 2439 788 2486 et
811 2423 955 2485 laborem
972 2423 1121 2486 tolerare.
1138 2424 1198 2486 His

122 2552 175 2612 ego
189 2533 370 2615 praeceptis
386 2527 503 2594 milites
520 2530 690 2594 hortabor:
712 2553 818 2616 neque
842 2529 916 2592 illos
939 2543 1028 2593 arcte
1046 2530 1151 2592 colam
1188 2579 1200 2608 ,

121 2660 170 2699 me
187 2637 477 2724 opulenter3neque
490 2639 626 2723 gloriam
643 2662 748 2701 meam
759 2637 901 2701 laborem
918 2637 1052 2702 illorum
1059 2639 1197 2720 sociam.

121 2747 190 2807 Hoc
206 2758 253 2807 est
268 2744 367 2824 utile,
382 2747 439 2809 boc
456 2748 547 2810 civile
564 2746 742 2832 imperium.
769 2750 936 2831 Namque,
956 2769 1030 2809 cum
1045 2761 1119 2818 tute
1139 2769 1201 2832 per

122 2852 288 2916 mollitiem
304 2876 392 2937 agas,
409 2856 586 2917 exercitum
603 2854 765 2939 supplicio
781 2877 905 2939 cogere,
921 2853 956 2916 id
971 2869 1019 2917 est
1035 2855 1200 2918 dominum

122 2981 187 3022 esse
200 3010 209 3038 ,
224 2985 288 3024 non
304 2963 534 3046 imperatorem.
560 2965 647 3025 Haec
670 2977 766 3048 atque
791 2961 859 3024 olio
881 2963 1018 3045 maiores
1034 2965 1130 3026 vestri
1138 2964 1198 3046 faa

121 3067 259 3147 ciendo,
274 3092 369 3153 seque
389 3083 421 3131 et
437 3069 675 3154 Rcmpublicom
692 3067 901 3134 celebravere.
921 3070 1017 3149 (lueis
1043 3069 1196 3133 nobilitas

111 3175 221 3256 freto,
236 3177 306 3258 ipsa
321 3176 484 3238 dissimilis
500 3175 657 3257 moribus,
678 3200 734 3240 nos
751 3177 880 3241 illorum
897 3176 1040 3241 aemulos
1057 3193 1196 3241 contem-

145 3371 156 3406 1
179 3352 238 3422 Qui
247 3351 281 3408 de
297 3374 342 3409 me
354 3354 431 3423 dicit,
443 3367 493 3410 aut
503 3355 576 3412 bene
587 3368 639 3410 aut
676 3368 733 3426 tur,
746 3376 819 3432 quos
830 3374 915 3414 nemo
926 3356 1026 3434 paullo
1038 3356 1196 3435 elegantior

122 3426 288 3486 maledicit:
303 3430 421 3498 sibene,
437 3450 503 3488 vere
516 3430 598 3498 dicit;
615 3429 638 3486 si
675 3432 836 3508 ignorabat.

122 3504 206 3573 male,
217 3504 275 3562 vite
287 3522 437 3580 moresque
449 3505 504 3561 mei
511 3502 639 3587 probant
696 3508 712 3565 5
722 3504 800 3564 Bello
813 3509 889 3570 enim
899 3506 978 3576 victi,
987 3509 1016 3564 in
1025 3519 1196 3584 potestatem

122 3599 189 3637 cum
201 3580 268 3638 salsa
282 3580 384 3639 dicere.
675 3585 779 3661 populi
788 3586 912 3642 Romani
923 3585 1032 3642 redacti
1043 3597 1118 3641 sunt.

142 3675 158 3711 2
179 3657 218 3714 Ut
228 3657 351 3736 probem
369 3678 414 3714 me
430 3656 580 3714 consulatu
593 3658 636 3714 di·
692 3661 711 3715 6
731 3661 875 3717 Praesidio
895 3680 955 3718 esse
963 3686 970 3728 3
1001 3680 1068 3716 nam
1092 3660 1143 3736 qui
1162 3661 1193 3717 in

122 3751 219 3807 gnum.
673 3736 821 3867 praesidiis
843 3737 928 3796 locati
948 3749 1047 3804 erant,
1066 3737 1194 3812 primum

140 3805 213 3864 3111
242 3823 324 3886 parte
347 3811 475 3888 corporis
499 3824 635 3868 conversa
696 3813 799 3868 ostium
810 3814 951 3891 impetum
963 3813 1151 3869 sustinebant.
1170 3816 1173 3821 ’

123 3883 160 3938 ad
178 3883 296 3942 hostem.
695 3907 711 3966 7
731 3888 868 3946 Illosnon
891 3903 969 3946 arcte
986 3888 1117 3957 habebo,
1138 3891 1192 3951 mi,-

140 3959 159 4030 4
179 3961 273 4016 Prima
281 3981 348 4051 pars
358 3963 637 4022 eruditionisRoma-
675 3981 730 4022 nos
748 3965 915 4043 praebendo
936 3986 1010 4041 quae
1032 3966 1191 4023 necessaria

121 4057 175 4094 nae
204 4035 306 4094 littens
334 4043 441 4116 gaceio
470 4040 640 4111 continebo·
677 4053 750 4098 sunt.
