2888 4748
443 317 630 405 bn'nn'uu
654 313 997 404 Jucuururuuu
1189 329 1247 400 ru

186 478 227 577 Q.
245 486 389 556 Minucio
403 487 490 556 Rufo
514 488 715 555 consulatum
737 484 881 576 gerebat,
896 481 1068 575 persuadet
1078 483 1256 574 ,quoniam

187 617 226 664 ex
241 599 340 688 stirpe
354 598 543 665 Masinissae
558 598 616 676 sit,
631 597 652 659 J
655 595 825 685 ugurtham
848 593 890 658 ob
911 593 1030 658 scelera
1044 591 1166 657 invidia
1182 611 1258 655 eum

184 720 273 773 metu
288 719 411 794 urgeat3
425 713 559 796 reguum
567 703 736 770 Numidiae
752 702 791 766 ab
808 711 919 766 senatu
933 713 1028 789 petat
1039 696 1166 766 Avidus
1183 721 1259 763 con-

141 803 142 806 *
181 812 240 879 bul
254 813 331 877 belli
345 811 491 902 gerundi,
505 813 637 891 miveri,
653 825 749 900 quam
765 829 927 875 senescere
943 811 967 887 ¹,
980 806 1089 871 omnia
1110 805 1262 871 malebat

189 919 259 1010 ipsi
290 921 456 1010 provincia
481 918 657 998 Numidia,
685 917 830 982 Minucio
854 912 1045 980 Macedonia
1068 915 1078 938 ¹
1100 923 1258 982 evenerat.

189 1015 282 1119 Quae
297 1041 467 1115 postquam
483 1025 622 1093 Massiva
638 1025 756 1114 agitare
770 1020 896 1113 coepit,
907 1044 1012 1110 neque
1025 1021 1046 1086 J
1049 1020 1208 1111 ugurthae
1222 1019 1259 1082 in

186 1133 302 1198 cimicis
325 1132 401 1197 satis
422 1131 573 1222 praesidii
589 1145 656 1210 est,
679 1130 766 1220 quod
788 1141 899 1195 eorum
922 1128 1023 1195 alium
1045 1128 1261 1209 conscientia,

189 1241 289 1304 alium
311 1239 394 1303 mala
417 1237 500 1302 lama
524 1252 555 1303 et
576 1239 672 1303 timor
686 1236 887 1328 inpediebat:
903 1235 1079 1305 Bomilcari
1102 1258 1262 1328 proxumo

191 1350 231 1411 ac
247 1368 392 1410 maxume
408 1344 472 1409 lide
489 1345 568 1425 sibi,
583 1345 732 1435 imperat,
745 1347 870 1432 pretio,
892 1348 988 1412 sicuti
1004 1347 1105 1412 multa
1119 1346 1265 1430 consece-

189 1469 255 1531 ται,
270 1453 471 1517 insidiatores
487 1455 642 1517 Moesicae
655 1469 766 1540 paret,
781 1479 819 1520 oe
835 1479 989 1521 maxume
1004 1453 1126 1520 occulte
1140 1479 1148 1516 ε
1162 1455 1213 1515 sin
1229 1449 1266 1515 id

183 1584 303 1645 sparum
323 1559 475 1645 procedat
486 1609 496 1638 ‚
515 1562 625 1647 quovis
648 1559 739 1626 modo
755 1566 927 1632 Numidam
946 1563 1126 1648 interficiat.
1143 1556 1264 1624 Bomil-

189 1688 246 1732 car
260 1668 383 1731 mat'nre
397 1667 480 1755 regis
496 1668 643 1733 mandata
662 1671 866 1765 exsequitur:
889 1687 921 1738 et
942 1694 1001 1762 per
1021 1667 1168 1735 homines
1190 1664 1266 1732 talis

185 1773 311 1862 <negotii
331 1772 473 1839 artifices·
496 1774 612 1840 itinera
641 1799 853 1871 egressusque
876 1783 974 1863 ejus,
1002 1790 1163 1868 postremo
1192 1773 1266 1839 loun

190 1895 289 1970 atquo
304 1894 446 1968 tempora
461 1892 575 1949 cuncta
590 1883 755 1980 explorat:
771 1885 905 1966 deinde,
925 1885 981 1950 ubi
996 1898 1047 1948 res
1062 1879 1248 1972 postulabat
1257 1895 1271 1962 ,¹

193 1985 326 2049 insidi&
341 1985 449 2059 tendit.
467 1987 569 2076 Igitur
595 2015 680 2061 unus
702 2018 740 2060 ex
762 2019 800 2059 eo
822 2014 975 2070 numero,
996 1989 1053 2079 qni
1074 1988 1116 2053 ad
1137 1986 1269 2055 caedem

185 2091 299 2179 Parati
312 2105 419 2172 ‘mnis
433 2094 545 2183 paullo
560 2099 774 2168 inconsultius
789 2094 800 2133 ⁸
816 2099 989 2165 Massivam
1005 2094 1207 2186 adgreditur,
1229 2085 1269 2157 il·

192 2196 265 2261 lum
279 2197 468 2272 obtruncati
485 2209 540 2274 sed
554 2210 623 2300 ipse
638 2208 873 2301 deprehensus,
888 2206 997 2272 multis
1016 2202 1220 2269 hortantibus
1235 2213 1269 2266 et
1370 2190 1371 2193 ¹

195 2303 365 2395 inprimis
391 2308 509 2381 Albino
533 2318 688 2396 consulo,
711 2315 867 2379 indicium
890 2308 1058 2402 profitetur
1072 2318 1093 2373 ⁴.
1116 2307 1169 2373 Fit
1192 2329 1267 2373 reus

195 2413 299 2501 magis
316 2439 353 2482 ex
368 2441 474 2510 aequo
485 2422 633 2509 bonoque
647 2419 669 2501 ⁶,
686 2440 786 2513 quam
796 2444 834 2485 ex
849 2423 920 2514 jure
935 2418 1078 2508 gentium
1094 2413 1268 2494 Bomilcar,

199 2542 306 2587 comes
322 2528 408 2608 ejus,
429 2527 484 2614 qui
499 2527 634 2590 Romam
649 2525 712 2591 fide
726 2526 856 2618 publica
870 2537 1006 2592 venerat.
1024 2523 1069 2587 At
1083 2520 1267 2612 iugurtha,

186 2629 387 2696 manifestus
403 2633 481 2696 tanti
498 2634 644 2714 sceleris,
667 2657 732 2701 nou
747 2633 838 2723 prius
862 2631 968 2696 omisit
991 2641 1102 2696 ecntta
1125 2623 1266 2695 verum‘

186 2736 270 2841 siu,
285 2754 381 2824 quam
397 2739 538 2803 animum
552 2740 699 2820 advortit,
715 2763 811 2830 supra
826 2740 959 2830 gratiam
982 2752 1077 2826 atque
1096 2735 1269 2826 pecuniam
1306 2740 1309 2747 ’
1400 2795 1406 2827 :

188 2865 290 2911 suam
305 2843 458 2910 invidiam
472 2844 548 2911 lacti
564 2861 639 2912 esse.
649 2845 995 2938 igiturquamquam'in
1003 2844 1110 2936 priore
1120 2837 1269 2909 'eodone’

185 3084 190 3090 ·
221 3069 232 3105 ι
254 3048 350 3112 Novas
366 3053 467 3112 turbas
488 3057 596 3115 moveri
607 3056 713 3133 potius,
752 3056 809 3115 ctio
822 3081 828 3113 ε
851 3064 938 3133 quam
949 3054 972 3111 si
982 3065 1123 3131 negasset,
1132 3049 1210 3111 bello
1219 3047 1271 3106 de·

200 3146 288 3200 quam
299 3143 408 3187 veteres
420 3135 561 3209 componi.
750 3133 818 3190 inde
829 3132 964 3210 persequi
974 3134 1037 3207 jure
1049 3131 1177 3206 gentium
1196 3121 1270 3184 Res·

219 3219 235 3254 2
256 3204 389 3279 Europae
410 3207 528 3265 celebris
540 3206 635 3341 regio,
647 3207 713 3266 Ale-
748 3210 868 3339 publiea
901 3219 999 3268 oterst.
1016 3205 1072 3263 Sed
1092 3204 1222 3293 aequitas
1242 3212 1272 3259 tt

198 3275 301 3335 sundri
312 3281 407 3354 magni
417 3282 528 3357 imperii
538 3301 568 3340 se
589 3297 626 3342 cS.

217 3349 360 3440 illinitus
372 3356 447 3411 enim
460 3358 711 3439 circumspexerat,
749 3358 815 3418 dine
833 3358 942 3435 aliquid
952 3356 1114 3417 detrahunt.
1127 3357 1178 3412 Est
1195 3353 1273 3410 enim

199 3445 236 3482 an
248 3448 343 3484 omma
355 3443 415 3486 tuta
427 3446 527 3492 essent.
751 3456 876 3511 aequum
888 3447 916 3492 et
924 3437 1077 3510 justum‚ut
1090 3433 1141 3509 qui
1152 3440 1212 3486 non
1223 3436 1271 3484 ae·

186 3520 189 3526 ·
217 3500 235 3573 4
256 3503 292 3592 Se
312 3522 329 3559 a
348 3505 505 3565 Bomilcare
525 3508 714 3569 subornatum
752 3511 828 3588 cepit
838 3511 982 3587 injuriam,
994 3525 1053 3566 non
1064 3509 1159 3575 faciat,
1177 3512 1273 3578 ireque

198 3577 350 3638 Massivam
361 3583 541 3644 interfecisse.
753 3587 789 3643 ad
801 3608 864 3644 eam
874 3586 1050 3644 inserendam
1062 3585 1134 3662 juris
1143 3579 1272 3659 gentium
1296 3637 1299 3644 ,

218 3653 235 3711 5
246 3656 264 3710 J
267 3675 299 3714 us
310 3658 437 3732 gentium
444 3661 714 3737 postulabatuttu-
752 3664 922 3740 impunitate
934 3663 1079 3719 abutatur.

200 3731 302 3858 gurtha
316 3752 382 3788 cum
400 3753 452 3792 suo
471 3738 606 3794 comitatu
624 3737 661 3792 ob
680 3737 714 3792 fi·
772 3741 790 3796 6
811 3739 846 3794 Se·
859 3737 954 3800 coedis¹
965 3739 1112 3795 conscium
1123 3734 1213 3791 lateri.

220 3825 264 3860 ern
284 3809 429 3884 publicam
450 3813 545 3868 datam
561 3812 714 3872 inviolatus
771 3816 828 3892 71n
837 3816 930 3890 prima
939 3814 1049 3870 actione
1058 3811 1182 3868 dabatur
1192 3808 1273 3886 optio

199 3894 280 3966 essee
300 3885 402 3972 etlieet
417 3887 599 3964 deliquisset,
619 3902 714 3945 tamen
752 3908 812 3960 reo,
831 3904 965 3968 partesue
986 3898 1051 3945 suus
1069 3886 1155 3947 vellet
1172 3884 1272 3944 delen·

198 3973 229 4008 rn
239 3955 403 4048 Nurnrdiam
413 3967 615 4035 remitteretur,
627 3978 713 4039 atque
753 3966 827 4023 dere.
853 3965 882 4023 Si
901 3963 1072 4033 affirmabat,
1088 3982 1191 4038 resque
1212 3975 1273 4019 erat

201 4030 237 4087 ab
248 4052 282 4092 eo
293 4035 395 4096 demde
406 4054 583 4120 repeteretur
605 4041 713 4100 satissa-
752 4041 788 4100 de
810 4042 914 4120 capite,
933 4058 1001 4108 retu
1017 4041 1272 4110 terminabatur,

771 3300 859 3341 onum
891 3305 905 3339 e
923 3281 979 3339 hoc
992 3281 1062 3357 juris
1079 3287 1207 3358 gentium
1224 3296 1272 3333 or-
