2888 4748
181 323 247 392 236
473 317 510 383 C.
536 314 685 382 careal
712 312 961 384 statuerit

255 490 310 534 ora
332 467 431 533 rictus
454 465 565 532 dolore
587 464 747 532 contrahit
761 479 793 531 et
816 466 909 555 quasi
922 464 1061 531 ridentes
1084 463 1271 534 interimit.

257 581 341 640 Serr.
366 575 493 642 Aeneid.
1187 573 1189 577 ’

248 684 307 728 rste.

191 776 262 838 136.
290 772 353 837 Sed
367 770 430 862 ipsi
444 771 552 836 serunt
572 784 701 836 taurum
725 795 762 836 ex
784 790 889 860 grege.
902 793 998 861 quem
1019 793 1120 862 prope
1141 771 1253 840 littora

254 881 381 969 regebat
398 880 497 944 Corsa
521 879 648 968 nomine
673 879 773 968 Ligus
797 878 928 959 mulier,
952 901 1027 945 eum
1048 893 1252 947 transnatare

254 972 513 1075 solitumpatque
528 964 585 1076 pei
600 986 764 1052 intervalla
785 1006 918 1075 corpore
938 1000 1032 1050 aucto
1048 1008 1187 1052 remeare
1202 988 1252 1058 vi.-

254 1095 491 1183 derct,cupiens
506 1093 588 1158 scire
602 1093 764 1182 incognita
780 1093 840 1158 sibi
855 1080 985 1181 pabula,
1000 1108 1128 1158 taurum
1143 1117 1162 1159 a
1178 1117 1251 1159 cae-

253 1203 328 1267 teris
344 1201 569 1290 digredientem
584 1224 686 1289 usque
708 1199 749 1264 ad
771 1199 911 1264 insulam
933 1200 1059 1289 navigio
1078 1215 1252 1290 prosecuta

253 1322 307 1373 cst.
326 1308 428 1391 Cujus
443 1331 586 1397 regressu
604 1307 727 1371 insulae
742 1305 935 1372 fertilitatem
951 1321 1178 1397 cognoscentes
1194 1308 1251 1372 Li-

251 1438 356 1504 gures,
371 1415 493 1480 ratibus
507 1438 545 1480 eo
560 1413 696 1504 profecti
711 1429 797 1494 sunt,
813 1434 947 1504 eamque
962 1415 1091 1479 nornine
1107 1417 1254 1481 auctoris

252 1537 283 1587 et
298 1521 387 1586 ducis
403 1522 650 1611 appellaverunt.
668 1523 852 1585 Priscianus
863 1547 964 1608 gram.
980 1522 1001 1584 l.
1020 1525 1051 1605 6,
1066 1546 1093 1586 e.
1109 1523 1147 1588 de
1162 1547 1249 1587 nom.

244 1640 323 1686 flalier
334 1642 400 1697 Ligur
410 1640 518 1686 Corsicam
529 1641 620 1685 insulam
632 1640 721 1697 detegit.

188 1734 259 1822 137.
284 1734 331 1798 Ne
346 1733 402 1796 illa
416 1746 507 1798 tauro
522 1747 614 1822 parta
629 1733 677 1798 sit.
695 1739 801 1797 Donat
817 1734 851 1797 in
869 1734 948 1798 And.

244 1840 302 1884 rara.

186 1932 258 1996 138.
285 1933 394 1997 Genus
417 1931 556 1996 militum
582 1945 709 1997 suetum
732 1955 751 1995 a
776 1932 914 2029 pueritia
941 1930 1126 2003 latrociniis.
1156 1936 1253 1999 Arae.

253 2044 345 2102 Mese.
362 2038 400 2102 de
417 2041 495 2102 eloe.

243 2145 316 2189 Sardi.

186 2238 259 2322 139.
285 2235 373 2298 Nihil
388 2235 429 2299 ob
444 2249 563 2300 tantam
578 2238 754 2303 mercedem
770 2237 989 2303 abnuiturum.
1008 2239 1056 2303 Id.

242 2358 271 2401 In
281 2357 370 2413 epistole
380 2355 495 2414 Apuleiae,
507 2356 583 2413 Lepidi
594 2359 674 2414 ueris,
683 2358 710 2403 ad
721 2348 782 2404 innan
798 2358 928 2405 florebam.

188 2447 258 2525 ado.
283 2450 436 2514 Insanum
452 2450 541 2513 aliter
558 2473 615 2514 sua
631 2451 786 2536 sententia
801 2465 897 2540 atque
913 2449 1049 2517 aliarum
1067 2450 1254 2516 mulierum.

258 2559 358 2644 Sosip.
379 2557 500 2620 Charis.
517 2556 555 2620 de
571 2557 639 2620 adr.

249 2665 307 2710 ibid.
319 2662 411 2720 Apuleia
423 2664 518 2719 loqunae
528 2663 556 2708 de
564 2662 646 2720 Lepide
657 2664 705 2708 viro
715 2676 761 2709 eae.

195 2755 265 2832 ι4ι.
292 2756 346 2818 Sic
360 2778 434 2820 vero
451 2756 541 2845 quasi
556 2755 727 2819 formidine
744 2755 920 2838 adtonitus,
937 2781 1040 2846 neque
1057 2758 1181 2840 animo,
1197 2781 1256 2823 ne-

259 2885 320 2950 que
336 2863 487 2942 auribus,
498 2876 553 2927 aut
567 2863 676 2949 lingua
692 2868 1017 2953 competere..Nonius
1034 2865 1181 2929 Marcell.

250 2982 342 3040 Lepidae
352 2985 438 3039 cognito
449 2980 555 3039 Apuleiae
567 2983 639 3027 axoris
652 2981 767 3029 adulterio.

194 3072 265 3150 ada.
291 3073 437 3138 Tharros.
458 3075 601 3138 Valerius
618 3074 739 3136 Probus
756 3076 827 3137 inst.
840 3097 939 3158 gram.

250 3194 342 3251 Lepidae
352 3196 375 3239 in
387 3195 492 3251 Sardinia,
507 3197 608 3252 profugus
616 3193 644 3238 ad
654 3192 749 3237 Thence
757 3192 862 3263 adplicat.

130 3348 136 3353 ,
195 3284 265 3362 ι43.
291 3288 454 3354 Postremo
470 3289 556 3378 ipsos
571 3287 700 3352 colonos
714 3310 772 3376 per
787 3284 930 3370 miserias
946 3301 977 3353 et
991 3286 1111 3354 incerta
1126 3290 1255 3379 generis

258 3393 390 3458 humani
406 3419 503 3461 orarc.
522 3398 646 3458 Servius
663 3394 792 3459 Aeneid.

251 3503 326 3560 Lepidi
336 3516 380 3549 eos.
392 3503 448 3548 uerri
458 3503 578 3546 'thetmaer
589 3504 676 3546 colonos
686 3515 726 3560 pre
738 3501 818 3558 itepide
829 3509 954 3558 aegrotante
966 3502 1118 3561 deprecantur.
1191 3507 1195 3516 “

195 3593 267 3671 144.
293 3596 474 3683 Perpenna‚
490 3606 553 3683 tam
568 3592 679 3680 paucis
687 3593 871 3680 profectus,
891 3616 965 3660 vera
980 3608 1027 3659 est
1047 3593 1251 3661 aestimanda.

261 3705 386 3765 Servius
402 3702 435 3763 in
451 3699 521 3784 lug.

251 3810 363 3868 Perpenna
374 3811 470 3856 Siciliam
479 3812 556 3856 nerra
568 3819 664 3857 tentetur
676 3811 786 3858 invadere.

196 3905 267 3983 ali.
293 3908 461 3970 Perrexere
475 3906 509 3970 in
526 3907 725 3998 Hispaniam,
741 3933 781 3976 an
800 3907 987 3980 Sardiniam.
1002 3907 1051 3986 ld.

251 4039 355 4096 inponet
367 4038 491 4098 Perpeme
500 4052 517 4085 e
524 4037 599 4089 Sicilie
608 4041 726 4100 minue.
