2888 4748
183 345 245 414 292
547 344 554 357 »
583 310 869 388 1111111111

180 477 262 543 urbe
278 475 381 539 Roma
396 472 485 542 brevi
501 475 656 541 concidet
674 477 841 542 Postremo
856 475 1014 565 sapientes
1034 475 1123 569 pacis
1140 491 1257 544 caussa

180 583 301 648 bellurn
325 595 459 670 gerunt,
482 581 623 647 laborem
648 606 705 671 spe
728 584 785 648 otii
807 597 991 648 sustentant
1009 584 1079 649 Nisi
1094 585 1185 648 illam
1203 582 1259 662 lir-
1341 630 1348 639 ·

182 711 268 754 mam
292 686 411 767 efficis,
433 689 519 755 rinci
548 711 589 752 au
611 688 727 754 vicisse
753 690 832 777 quid
852 689 985 754 retulit?
1001 692 1108 774 Quare
1123 711 1260 780 capesse

183 819 242 887 per
264 794 340 860 deos
361 795 618 884 Rempublicam,
642 810 674 860 et
697 795 805 861 omnia
828 818 958 885 aspera,
981 797 1030 861 uti
1054 797 1157 876 soles,
1177 818 1260 884 per·

184 902 273 972 rade.
298 902 443 990 Namque
459 914 515 965 aut
538 916 573 965 tu
589 901 709 965 mederi
723 916 836 990 potes3
852 917 908 966 aut
923 902 1097 967 omittenda
1112 916 1161 967 est
1178 924 1260 966 cura

186 1009 344 1074 omnihus.
361 1007 473 1096 Neque
489 1008 658 1096 quisquam
674 1023 705 1071 te
721 1007 761 1070 ad
780 1008 924 1072 crudeles
945 1030 1064 1097 poenas
1091 1021 1147 1073 aut
1169 1029 1260 1072 acer·

186 1115 228 1180 ba
251 1106 372 1198 judicia
403 1113 548 1194 invocat,
571 1114 688 1202 quibus
712 1113 824 1180 civitas
847 1128 989 1182 vastatur
1010 1113 1134 1202 magis,
1159 1135 1260 1202 quam

188 1221 378 1308 corrigitur3
409 1220 465 1284 scd
494 1220 543 1284 uti
569 1242 683 1309 pravas
713 1233 796 1286 artes
828 1222 993 1310 malasque
1021 1211 1184 1286 lubidines
1218 1220 1260 1283 ab

190 1332 355 1411 juventute
378 1326 559 1416 prohibeas.

236 1436 279 1499 X.
306 1434 353 1496 Ea
376 1456 451 1498 vera
475 1434 642 1499 clementia
666 1433 743 1515 erit,
759 1435 977 1515 consuluisse,
993 1458 1037 1499 ne
1048 1433 1198 1499 inmerito
1215 1432 1261 1498 ci·

188 1564 244 1608 res
268 1540 370 1628 patria
394 1541 625 1628 expellerentur
641 1547 671 1618 ¹3
695 1542 864 1607 retinuisse
889 1544 929 1606 ab
953 1542 1089 1606 stultitia
1112 1555 1143 1606 et
1167 1538 1262 1611 falsis·

191 1645 430 1734 voluptatibus3
456 1668 569 1734 pacem
597 1647 865 1735 concordiamque
889 1648 1097 1713 stabilivisse:
1122 1669 1187 1712 non
1214 1647 1264 1726 si,

191 1744 342 1840 ssagidis'
369 1752 558 1830 obsecutus,
582 1751 697 1815 delicta
720 1775 908 1843 perpessus,
931 1776 1081 1842 praesens
1105 1752 1263 1841 gaudium

191 1882 267 1924 cum
290 1881 362 1923 mox
384 1857 495 1922 futuro
517 1857 601 1922 malo
626 1860 829 1924 concesseris.
851 1860 903 1925 Ae
917 1860 997 1924 mihi
1021 1860 1166 1940 animus,
1192 1857 1264 1947 qui-

191 1967 253 2031 bus
276 1965 371 2029 rebus
395 1964 449 2027 alii
472 1960 604 2045 timent,
628 1986 774 2029 maxume
790 1964 891 2031 fretus
907 1980 974 2046 est,
997 1965 1118 2053 negotii
1141 1964 1265 2052 magni·

192 2071 322 2137 tudine:
347 2086 378 2135 ct
401 2071 478 2161 quia
501 2069 559 2134 tibi
583 2084 687 2135 terrae
709 2085 742 2135 et
763 2070 865 2136 maria
889 2071 985 2136 simul
1001 2073 1108 2136 omnia
1132 2094 1264 2160 compo-

159 2239 164 2247 .
193 2176 297 2244 nenda
314 2191 404 2257 suut,
419 2182 429 2256 (
443 2177 563 2266 quippe
578 2199 628 2241 res
643 2200 758 2266 parvas
774 2191 900 2242 tantum
915 2179 1082 2266 ingenium
1097 2178 1265 2264 adtingere

194 2285 307 2373 nequit
322 2291 332 2366 )
356 2306 489 2372 magnae
513 2305 609 2348 curae
624 2305 739 2371 magna
753 2305 874 2348 merces
890 2299 946 2348 est.
972 2285 1075 2372 Igitur
1092 2282 1266 2372 provideas

195 2406 335 2482 oportet,
357 2391 407 2454 uti
429 2390 558 2479 plebes,
572 2389 797 2478 largitionibus
813 2404 844 2455 et
858 2388 989 2479 publico
1011 2390 1170 2454 frumento
1188 2411 1266 2452 eon-

195 2513 290 2586 rupta
307 2495 334 2578 ³,
356 2497 471 2561 habeat
493 2498 620 2586 negotia
645 2520 719 2577 sua,
744 2497 861 2585 quihus
883 2497 923 2561 ab
947 2496 1030 2561 malo
1053 2496 1183 2585 publico
1209 2494 1265 2559 de-

195 2607 351 2670 tineatur:
375 2608 525 2688 juventus
548 2603 700 2693 probitati
724 2617 756 2668 et
782 2603 979 2682 industriae,
1007 2626 1072 2667 non
1104 2601 1266 2668 sumtibus

196 2735 301 2800 neque
325 2707 444 2776 divitiis
461 2709 592 2776 studeat.
611 2708 649 2773 Id
662 2709 706 2774 ita
722 2710 857 2790 eveniet,
873 2710 900 2775 si
915 2711 1083 2799 pecuniae,
1100 2733 1181 2798 quae
1197 2731 1266 2773 ma-

196 2841 292 2885 xuma
316 2817 459 2882 omnium
482 2817 639 2906 pernicies
657 2827 715 2896 cst,
730 2840 826 2881 usum
849 2831 945 2905 atque
960 2815 1084 2886 decus‘*
1102 2815 1267 2894 demseris.

242 2925 303 2989 xl.
328 2923 410 2987 Nam
434 2946 527 3013 saepe
551 2947 609 3010 ego
633 2946 708 2987 cum
731 2923 837 2986 animo
860 2946 932 2987 meo
956 2936 1121 3011 reputans,
1143 2921 1266 3010 quibus

197 3033 332 3122 quisquo
355 3031 450 3096 rebus
475 3029 654 3095 clarissumi
676 3029 738 3094 viri
765 3029 1019 3117 magnitudinem
1047 3029 1269 3110 invenissent,

196 3161 279 3228 quac
310 3161 360 3203 res
391 3138 528 3229 populos
557 3136 741 3204 nationesre
771 3134 894 3224 magnis
925 3132 1129 3200 auctionibus
1158 3134 1267 3201 auxis-

220 3339 231 3375 1
254 3319 373 3376 Plurimi
392 3316 548 3376 exulabant
565 3329 632 3394 post
647 3316 708 3375 bel·
746 3316 873 3374 uibusin
891 3316 999 3372 malum
1016 3315 1168 3392 publicum
1188 3312 1269 3371 solli·

201 3393 264 3452 lum
283 3395 389 3463 Civile,
407 3393 453 3452 vel
473 3413 525 3451 sua
543 3407 645 3470 sponte
664 3395 709 3452 vel
748 3393 897 3450 citabatur.
918 3394 1015 3462 Quare
1035 3393 1141 3448 Caesar
1161 3399 1268 3446 uume-

201 3483 280 3527 metu
293 3471 430 3527 Caesaris.
748 3483 814 3524 rum
825 3489 935 3536 eorum,
947 3469 998 3542 qui
1011 3468 1188 3523 frumentum
1208 3485 1269 3541 pu-

220 3565 236 3601 1
260 3549 341 3604 Vera
361 3546 518 3603 clementia
529 3547 710 3620 nonsuerit,
749 3544 857 3600 blieum
876 3543 1071 3620 accipiebant,
1091 3554 1193 3619 postea
1213 3541 1268 3596 im-

197 3626 226 3679 si
248 3622 350 3698 [quod
372 3623 490 3699 quidem
514 3625 545 3676 in
564 3640 710 3693 praesens
749 3620 859 3674 minuit.
1106 3640 1110 3650 ·

197 3696 711 3774 suave]corruptismoribusfrae·
767 3694 787 3762 4
806 3695 882 3750 Usus
904 3707 991 3769 atquc
1013 3693 1102 3750 decus
1125 3691 1269 3768 pecuniae

197 3793 238 3830 na
246 3778 413 3848 permittas.
524 3791 530 3796 ·
747 3768 867 3836 tollitur,
877 3791 943 3826 cum
954 3769 1060 3825 nemini
1069 3788 1121 3845 per
1132 3788 1195 3824 1111
1207 3766 1270 3821 adi-

216 3848 234 3903 3
248 3845 601 3924 PopulusRomanus,otio
611 3856 638 3902 et
648 3864 709 3901 om·
749 3855 795 3900 tus
806 3844 843 3898 ad
853 3845 977 3900 honores
988 3856 1083 3920 patet,
1095 3862 1182 3900 nemo
1195 3861 1267 3916 pro-

197 3921 277 3980 nium
286 3922 563 3998 rerumabundautia
571 3919 712 3989 dillluens,
774 3932 815 3975 ter
826 3919 903 3976 illam
920 3919 1067 3979 honestior
1087 3931 1138 3978 aut
1161 3916 1272 3975 clarior

198 3997 326 4076 ignaviae
343 4017 373 4058 se
389 3998 522 4071 dederat,
542 4011 571 4058 et
586 3995 714 4075 largitio·
751 3940 886 4077 babetur.

816 4182 828 4213 Ι
