2888 4748
235 318 299 382 aas
519 310 562 377 o.
590 312 739 380 cmsrr
765 304 1008 389 sacrosan

230 464 400 532 rehabuit
418 466 591 551 Postquam
611 462 772 555 utrimque
793 467 950 557 legiones,
965 472 1040 538 item
1066 473 1182 541 classes
1206 497 1303 571 saepe

228 573 319 638 fusae
341 573 548 663 fugataeque,
564 586 595 635 et
610 571 701 636 alteri
725 575 839 641 alteros
860 578 1059 667 aliquantum
1084 581 1298 667 adtriverant3

227 681 340 760 veriti,
356 701 396 742 ne
416 702 489 742 mox
508 678 609 744 victos
632 677 831 770 victoresque
847 684 986 752 defessos
1007 689 1089 754 alius
1110 691 1300 779 adgredere

228 803 300 869 tur,
314 810 372 877 per
394 783 540 850 inducias
564 788 768 874 sponsionem
790 789 932 873 faciunt,
947 799 995 859 uti
1018 814 1103 861 certo
1125 799 1176 862 die
1198 801 1297 885 legati

226 901 318 964 domo
333 896 628 983 proficiscerentur:
644 920 706 982 quo
727 900 760 961 in
783 902 851 964 loco
874 905 958 966 inter
979 926 1012 968 se
1036 904 1117 968 obvii
1128 908 1298 990 fuissent,

225 1012 254 1076 is
269 1006 443 1073 communis
459 1004 623 1089 utriusque
636 1007 751 1090 populi
755 1008 837 1090 finis
853 1009 1031 1074 haberetur.
1049 1012 1151 1101 Igitur
1162 1014 1295 1079 Cartha·

226 1116 301 1206 gine
315 1115 379 1179 duo
395 1111 506 1175 fratres
521 1110 630 1191 missi,
646 1113 764 1200 quihus
781 1137 897 1180 nornen
914 1118 1078 1184 Philaenis
1095 1136 1180 1202 crat,
1195 1138 1297 1188 matu·

225 1244 337 1291 rayere
353 1220 412 1284 iter
426 1241 569 1308 pergere:
587 1218 786 1306 Cyrenenses
802 1223 924 1290 tardius
940 1226 1013 1290 iere.
1031 1226 1069 1291 ld
1085 1230 1228 1294 secordia
1244 1253 1297 1310 ne,

226 1332 270 1400 an
292 1353 369 1395 casu
390 1326 557 1407 acciderit,
571 1349 686 1415 parum
710 1331 846 1416 cognovi
861 1336 879 1395 ¹.
901 1332 1051 1397 Ceterum
1074 1336 1154 1400 solet
1175 1337 1209 1400 in
1232 1337 1297 1403 illis

226 1420 307 1506 locis
322 1449 490 1526 tempestas
512 1432 600 1499 haud
621 1457 733 1514 secus,
756 1451 851 1524 atque
873 1439 907 1501 in
927 1441 1007 1504 mari
1028 1443 1174 1506 retinere.
1191 1444 1302 1526 Nam4

226 1549 283 1616 uhi
298 1571 357 1638 per
371 1547 441 1611 loca
461 1541 605 1630 aequalia
627 1556 659 1605 et
682 1542 768 1606 nuda
790 1545 988 1634 gignentium
1003 1552 1013 1575 ¹
1028 1565 1142 1616 ventus
1167 1567 1296 1616 coortus

226 1678 357 1721 arenam
379 1654 478 1717 humo
502 1648 668 1729 excitavit,
684 1673 720 1714 ea
744 1673 858 1739 magna
877 1652 910 1718 vi
933 1655 1069 1742 agitata,
1092 1680 1148 1743 ora
1171 1660 1297 1737 oculos-

227 1771 291 1855 que
306 1763 428 1852 inplere
444 1759 542 1824 solet:
558 1757 603 1821 ita
618 1771 789 1846 prospectu
805 1759 967 1848 inpedita,
986 1765 1104 1829 morari
1120 1766 1187 1830 iter.
1205 1767 1297 1832 Post-

225 1895 323 1965 quam
340 1873 537 1960 Cyrenenses
554 1865 718 1953 aliquanto
732 1866 922 1954 posteriores
939 1893 972 1934 se
987 1892 1055 1936 csse
1071 1872 1191 1953 vident,
1207 1889 1238 1939 et
1254 1875 1298 1938 oh

226 2005 296 2053 rem
312 1994 493 2069 corruptam
517 1974 603 2040 domi
626 1995 745 2062 poenas
768 1990 935 2057 metuunt,
951 1977 1113 2044 criminari
1131 1982 1301 2071 Carthagi-

226 2090 353 2158 nienscs
368 2101 441 2152 ante
456 2100 581 2174 tempus
598 2080 692 2145 domo
708 2080 882 2169 digressos3
899 2084 1089 2151 conturbare
1104 2111 1192 2167 rem3
1208 2089 1297 2153 deni·

225 2223 290 2290 que
313 2195 419 2261 omnia
442 2191 554 2271 malle,
571 2213 667 2280 qnam
683 2187 760 2254 victi
776 2189 870 2253 abire.
890 2191 954 2254 Sed
969 2172 1043 2257 cuin
1060 2195 1160 2258 Poeni
1174 2194 1184 2222 ³
1201 2198 1296 2260 aliam'

139 2344 142 2351 ·
224 2304 452 2381 conditionem,
468 2296 688 2364 tantummodo
704 2318 850 2383 aequam,
865 2312 1023 2386 peterent,
1038 2301 1178 2366 Graecit
1195 2304 1302 2392 optio--

222 2437 298 2482 nem
315 2408 626 2497 Carthaginiensium
641 2405 775 2485 faciunt,
791 2420 827 2468 ut
842 2406 890 2469 vel
905 2407 978 2489 illi,
994 2412 1159 2494 quorfim's
1173 2413 1292 2497 populo

222 2548 279 2589 suo
293 2533 450 2609 peterent,
462 2515 509 2578 ibi
523 2516 582 2578 vivi
595 2514 817 2591 obruerentur3
831 2514 879 2577 vel
891 2516 1002 2579 eadem
1014 2518 1195 2582 conditione
1211 2543 1293 2597 sese,

225 2654 320 2718 quem
336 2630 370 2689 in
386 2625 490 2687 locum
513 2622 652 2702 vellent,
671 2646 874 2708 processuros
894 2647 901 2686 τ
925 2622 1096 2704 Philaeni,
1115 2626 1297 2690 conditione

223 2735 378 2827 probata,
400 2753 496 2819 seque
519 2730 681 2818 vitamque
701 2752 792 2795 suam
814 2730 1026 2821 Reipublicae
1049 2732 1300 2797 condonavere:

224 2843 269 2909 ita
284 2840 350 2908 vivi
364 2838 477 2904 obruti.
505 2836 789 2928 Carthaginienses
805 2837 840 2900 in
864 2861 901 2902 eo
923 2839 995 2904 loco
1012 2839 1174 2902 Philaenis
1190 2838 1293 2902 fratri-

224 2952 285 3016 bus
301 2972 370 3013 aras
387 2968 630 3024 consecravere3
653 2945 771 3034 aliique
792 2945 857 3010 illis
882 2947 969 3011 domi
992 2947 1130 3010 honores
1146 2946 1298 3011 instituti.

226 3059 322 3122 Nunc
347 3055 387 3119 ad
410 3076 478 3119 rem
501 3053 605 3118 redeo.

269 3163 450 3229 LXXXII.
475 3160 637 3249 Jugurtha
659 3174 849 3251 postquam,
874 3161 989 3226 amissa
1011 3161 1132 3244 Thala,
1148 3163 1230 3227 nihil
1247 3188 1297 3228 sa-

225 3271 265 3337 tis
288 3269 417 3334 firmum
440 3285 551 3335 contra
573 3271 740 3336 Metellum
759 3285 850 3360 putat
863 3297 870 3346 3
885 3294 943 3359 per
959 3293 1088 3359 magnas
1106 3273 1295 3337 solitudines

224 3401 299 3447 curn
320 3379 431 3470 paucis
453 3376 633 3468 proiectus,
648 3376 794 3470 pervenit
816 3379 857 3442 ad
880 3378 1054 3462 Gaetulos,
1071 3404 1171 3471 genus
1193 3381 1294 3444 homi-

246 3656 257 3691 ι
280 3635 414 3695 Valerius
433 3635 575 3693 Maximus
593 3632 611 3695 l.
635 3634 660 3694 5.
680 3657 703 3693 e.
715 3636 742 3693 6.
783 3637 910 3713 gignant.

222 3712 311 3768 tradit
323 3711 476 3769 Philaenos
485 3726 550 3770 ante
559 3714 743 3768 constitutam
799 3712 817 3768 3
838 3713 943 3782 Poeni,
964 3715 1046 3788 quasi
1058 3712 1167 3769 Phoeni
1176 3737 1183 3778 3
1201 3732 1295 3769 noma

221 3787 336 3856 horam,
348 3789 741 3865 maturatogressu‚perfidia
781 3789 974 3846 Phoenicibus
1001 3789 1122 3865 profecti
1142 3802 1226 3857 sunt,
1246 3788 1297 3863 qui

222 3865 473 3940 praecucurrisse,
493 3878 522 3920 et
540 3863 652 3940 longius
669 3884 739 3939 pro·
779 3867 983 3941 Carthaginem
1001 3863 1163 3922 condidere.

221 3941 343 3997 movisse
356 3940 636 4016 Carthaginiensium
648 3940 727 3997 fines.
797 3941 816 4012 4
837 3943 1034 4018 Cyrenenses,
1056 3960 1181 4014 quorum
1202 3941 1296 4018 patria

240 4035 256 4072 a
277 4015 361 4074 Nuda
383 4035 503 4086 rerum,
536 4038 609 4093 quae
630 4015 741 4093 aliquid
778 4016 1133 4076 eratcoloniaThcrason.
