2888 4748
330 977 688 1062 COMPENDIUM
713 977 1041 1112 fflsuoutqum

147 1477 205 1590 P
206 1539 314 1582 urnae
330 1516 540 1583 dissensiones
555 1517 630 1584 vitio
651 1516 785 1584 humani
800 1519 922 1607 ingenii
937 1524 1055 1585 Romae
1071 1541 1200 1585 euenere
1209 1544 1220 1598 ς

148 1627 235 1713 quod
251 1628 377 1715 inquies
393 1643 489 1713 atquc
507 1628 695 1693 indomitum
712 1653 836 1714 semper
852 1629 886 1691 in
901 1629 1076 1692 certamine
1092 1627 1221 1691 liberta-

150 1737 199 1798 tis
208 1750 266 1799 aut
276 1734 399 1822 gloriae
416 1750 474 1799 aut
489 1734 715 1799 dominationis
732 1737 798 1821 agit
809 1745 828 1797 ¹.
839 1739 879 1798 At
894 1727 1057 1798 discordia
1072 1749 1104 1798 et
1118 1735 1221 1798 asari·

148 1843 195 1904 tia
210 1856 307 1928 atque
323 1841 455 1905 ambitio
471 1856 504 1905 et
518 1857 626 1905 cetera
641 1841 789 1904 secundis
805 1840 900 1904 rebus
916 1842 994 1904 oriri
1009 1856 1100 1905 sucta
1116 1840 1203 1905 maia
1211 1890 1223 1920 ,

144 1963 218 2034 post
245 1936 448 2033 Carthaginis
479 1949 659 2011 exscidium
683 1971 835 2011 maxume
866 1962 962 2011 aucta
992 1963 1066 2012 sunt
1082 1965 1100 2009 ⁸.
1128 1948 1221 2014 Tunc

147 2053 274 2118 sublato
306 2067 394 2117 metu
424 2053 523 2144 pauci
553 2067 700 2144 potentes
731 2037 851 2144 passim
884 2053 1061 2148 dominati,
1093 2076 1131 2120 ac
1162 2054 1222 2119 suh

147 2159 283 2224 honesto
307 2175 436 2251 patrum
460 2175 517 2227 aut
540 2162 643 2251 plebis
667 2162 797 2228 nomine
821 2160 1069 2252 Rempublicam
1092 2183 1223 2252 pessum

147 2267 314 2334 dederunt.
339 2268 530 2359 Principum
555 2269 675 2335 civium
698 2267 833 2336 avaritia
856 2270 890 2333 in
915 2267 1114 2357 Jugurthino
1136 2267 1223 2333 bello
1296 2295 1298 2299 ·

147 2398 262 2442 caussa
288 2377 369 2457 fuit,
391 2390 428 2440 ut
451 2376 575 2440 Marius
598 2373 640 2440 ad
661 2375 866 2441 consulatum
897 2375 1099 2455 eveheretur,
1129 2374 1224 2466 plebe

148 2483 363 2571 suffragante,
392 2483 446 2547 cui
478 2504 516 2546 eo
549 2494 617 2546 erat
649 2481 830 2570 acceptior,
861 2505 925 2571 quo
955 2479 1121 2546 humiliori
1150 2482 1223 2546 loco

150 2602 246 2654 uatus
264 2603 296 2653 et
319 2588 481 2653 nobilitati
510 2587 684 2654 infensus:
709 2571 784 2653 curu
814 2612 853 2656 ex
874 2588 1005 2655 adverso
1028 2589 1231 2678 potentiores

149 2694 261 2761 Sullae
284 2696 421 2760 maxime
443 2693 605 2776 faverent,
629 2694 800 2785 splendore
822 2695 951 2785 patricii
975 2696 1100 2785 generis
1123 2694 1224 2764 virtu·

147 2818 243 2896 teque
267 2803 399 2868 militari
423 2800 596 2867 admodum
611 2802 776 2893 praeclaro
789 2829 798 2880 3
813 2825 916 2892 eoque
931 2802 984 2870 vel
999 2803 1100 2892 magis
1117 2804 1224 2893 quod,

146 2911 169 2977 J
172 2911 311 3002 ugurtha
325 2910 560 3001 eapt⁰,bellum
570 2909 780 2975 Numidicum
796 2908 988 2992 confecerat,
997 2910 1145 3001 adempta
1154 2912 1222 2976 Mas

146 3021 196 3086 rio
213 3020 314 3108 gloria
339 3041 436 3107 quam
452 3017 522 3107 ipse
536 3017 647 3107 paullo
664 3031 739 3082 aute
763 3017 894 3082 Metello
918 3018 1087 3106 eripuerat.
1113 3017 1162 3082 Ita
1176 3031 1224 3083 to-

146 3141 218 3192 tum
241 3127 275 3190 in
298 3125 377 3190 duas
400 3140 506 3215 partes
538 3124 733 3190 abstractum
762 3124 949 3214 imperium,
973 3139 1126 3214 utrasque
1150 3124 1224 3192 illas

147 3232 280 3322 quidem
296 3230 440 3295 crudeles
457 3247 489 3296 et
504 3218 641 3320 praedae
655 3230 920 3319 inhiantes,quae
935 3229 1029 3296 modo
1040 3232 1148 3313 Marii,
1156 3256 1223 3298 mo-

147 3339 190 3404 do
208 3337 318 3402 Sullae
341 3338 470 3403 nomine
486 3337 600 3401 urbem
615 3359 653 3400 ac
667 3336 850 3427 provincias
866 3338 988 3427 rapinis
1005 3338 1223 3428 caedibusque

147 3446 346 3513 direxerunt.
372 3442 464 3506 Sulla
485 3442 625 3532 denique
639 3444 744 3510 victor
759 3443 875 3527 evasit,
892 3445 949 3534 qui
963 3447 1145 3536 praecipuis
1161 3446 1222 3509 ini-

148 3554 305 3618 micorum
321 3540 453 3614 suorum
469 3573 487 3614 e
502 3549 609 3616 medio
625 3550 770 3633 sublatis,
784 3547 1004 3641 militibusque
1019 3575 1078 3641 per
1093 3551 1222 3618 Italiam

150 3661 354 3747 Galliamque
380 3656 578 3747 Cisalpinam
600 3658 636 3724 in
664 3658 806 3725 colonias
830 3657 1026 3747 dispertitis,
1053 3658 1220 3726 dictatoris

149 3767 279 3832 nomine
303 3788 427 3833 summa
446 3784 554 3832 rerum
568 3780 618 3832 est
632 3767 762 3858 potitus.
781 3766 867 3831 Tum
881 3765 917 3831 in
932 3762 1088 3849 ultionem
1107 3789 1223 3851 ruens,

165 3969 283 4069 ιἙτεις.
304 4013 331 4068 9.
710 4011 734 4057 2
754 3992 838 4072 Frag.
862 4009 905 4072 123
