2888 4748
170 328 173 341 '
262 323 303 386 82
549 326 585 391 C.
610 327 759 394 CRISPI
783 327 1026 398 SALLUSTII

238 466 241 470 ⁴
258 481 418 545 exstincta
441 494 516 543 sunt
535 507 543 543 :
564 497 659 567 pater
668 531 678 560 ,
694 485 743 544 uti
757 506 882 547 necesse
898 501 987 563 erat,
1002 499 1137 549 naturae
1153 490 1331 556 concessise

176 578 179 583 ¹
245 589 372 676 fratri,
395 612 489 676 quem
505 591 645 653 minume
661 589 789 668 decuit,
801 594 1000 678 propinquus
1022 617 1081 679 per
1103 595 1208 660 scelus
1231 601 1331 664 sitam

255 702 396 787 eripuit:
418 699 562 783 adfines,
585 699 724 776 amicos,
744 702 938 784 propinquos
962 716 1082 765 ceteras
1103 726 1188 767 meos
1198 754 1209 783 ,
1222 707 1328 770 olium

254 809 323 873 alio
347 808 456 872 clades
481 805 635 892 obpressit
654 832 663 867 .·
685 809 773 890 capti
786 805 826 869 ab
842 806 1021 892 Iugurtha,
1042 833 1118 896 pars
1142 812 1176 873 in
1199 835 1328 877 crucem

253 918 337 995 aeti,
350 939 426 1002 pars
443 913 551 979 bestiis
567 913 683 997 objecti
698 929 772 976 sunt
786 939 795 975 ι
807 916 918 999 pauci,
934 916 1049 1001 quibus
1064 918 1178 982 relicta
1193 936 1241 984 est
1254 924 1328 985 ani·

254 1048 321 1101 ma,
330 1023 433 1085 clausi
449 1023 482 1084 in
499 1019 636 1085 tenebris
652 1044 723 1084 cum
733 1045 873 1085 moerore
889 1038 920 1086 et
936 1022 1326 1112 luctu‚mortegrosiorem

252 1133 348 1195 sitam
371 1131 514 1213 exigunt.
541 1130 578 1189 Si
601 1130 730 1206 omnia,
746 1152 828 1213 quae
844 1146 902 1192 aut
917 1133 1032 1210 amisi,
1047 1148 1105 1196 aut
1120 1158 1164 1198 eor
1179 1158 1320 1198 necesso-

250 1241 309 1303 riis
325 1235 560 1319 advorsasacto
574 1250 662 1313 sunt,
678 1235 853 1300 incolumia
869 1254 1048 1301 monerent:
1063 1256 1185 1318 tamen,
1199 1242 1229 1304 si
1242 1243 1322 1327 quid

249 1371 295 1412 em
319 1347 476 1432 inproviso
500 1344 579 1406 moli
601 1342 787 1422 accidisset,
811 1368 862 1407 sos
886 1346 1108 1431 implorarem,
1125 1352 1160 1410 P.
1181 1353 1234 1426 0.,
1251 1350 1321 1435 qui-

249 1455 309 1518 bus
331 1477 390 1539 pro
415 1451 633 1535 magnitudine
658 1453 805 1536 imperii,
815 1455 871 1533 jus
887 1467 919 1514 et
939 1455 1075 1536 injurias
1099 1457 1201 1517 omnis
1224 1479 1322 1519 curae

248 1584 317 1629 esse
342 1559 441 1623 decet.
475 1561 567 1622 Nunc
593 1581 662 1620 vero
686 1550 782 1620 exsul
802 1561 932 1642 patria,
962 1560 1076 1639 domo,
1105 1561 1191 1623 solus
1223 1576 1320 1647 atque
1414 1616 1418 1625 ,

249 1670 392 1734 omnium
416 1665 621 1730 honestarum
645 1689 751 1728 rerum
775 1689 891 1750 egens,
907 1690 969 1752 quo
990 1667 1139 1731 accedam
1161 1683 1221 1731 aut
1240 1691 1320 1754 quoe

247 1775 437 1863 appellem?
461 1774 605 1837 nationes
629 1797 669 1835 ne
679 1821 689 1851 ,
712 1796 755 1835 an
779 1797 888 1859 reges,
903 1775 962 1859 qui
976 1797 1083 1839 omnes
1087 1775 1243 1858 familiae
1263 1800 1320 1838 no·

248 1901 333 1950 strae
358 1881 396 1946 ob
421 1897 554 1946 oestrum
574 1880 751 1944 amicitiam
767 1883 878 1964 infesti
891 1887 992 1944 sunt?
1007 1908 1049 1945 an
1066 1906 1225 1968 quoquam
1241 1884 1321 1947 mihi

247 1992 338 2056 adire
356 1991 444 2068 licet,
454 1988 510 2052 ulti
525 2012 588 2051 non
605 1992 761 2071 majorum
777 2004 954 2051 nostrorum
969 1988 1100 2052 hostilia
1114 2007 1318 2054 monumenta

245 2099 387 2187 plurima
403 2099 494 2161 sint?
508 2111 565 2159 aut
581 2098 751 2181 quisquam
767 2098 869 2159 nostri
882 2098 1027 2162 misereri
1038 2112 1164 2183 potest,
1186 2100 1244 2183 qui
1258 2099 1318 2162 ali·

245 2207 377 2296 quanda
401 2205 486 2269 rolris
511 2203 609 2266 lrostis
623 2203 721 2286 suit?
1058 2278 1061 2283 Ι

292 2313 408 2381 XVII.
432 2312 618 2389 Postremo,
643 2311 816 2376 Masinissa
841 2334 897 2375 nos
913 2313 960 2375 ita
977 2315 1135 2391 instituit,
1156 2316 1189 2381 P.
1212 2319 1259 2392 C.,
1275 2338 1315 2378 ne

243 2447 339 2511 quem
364 2421 557 2500 coleremus,
580 2423 644 2484 nisi
664 2421 821 2507 populum
845 2423 1020 2484 Romanum
1032 2451 1043 2500 ,-
1066 2446 1106 2484 ne
1128 2423 1316 2508 societates,

244 2557 284 2596 ne
290 2530 429 2616 foedera
445 2553 525 2592 nora
539 2530 766 2615 acciperemus:
774 2527 901 2592 aliunde
918 2553 1032 2615 magna
1046 2528 1208 2615 praesidia
1224 2529 1313 2591 nobis

243 2640 279 2702 in
303 2652 403 2700 vestra
426 2638 571 2727 amicitia
584 2637 681 2720 sore:
696 2639 725 2700 si
740 2636 814 2699 lsuic
831 2637 963 2722 imperio
971 2639 1110 2724 fortuna
1125 2652 1314 2714 mutaretur,

242 2768 309 2808 una
340 2742 546 2806 occidendum
569 2744 660 2805 nobis
684 2766 762 2806 esse.
800 2747 921 2808 Virtute
952 2768 990 2806 ac
1019 2744 1082 2808 diis
1112 2743 1314 2821 solentibus,

243 2851 353 2936 magni
383 2851 458 2912 estis
488 2864 520 2912 et
553 2849 724 2934 opulenti:
747 2851 856 2913 omnia
887 2851 1026 2914 secunda
1064 2867 1097 2915 et
1134 2849 1314 2914 obedientia

241 2972 330 3022 sunt:
354 2977 417 3042 quo
430 2954 571 3040 facilius
596 2958 753 3020 sociorum
778 2959 914 3044 injurias
938 2982 1050 3024 curare
1074 2959 1158 3022 licet.
1178 2962 1313 3022 Tantum

240 3065 327 3130 illud
349 3087 470 3144 vereor,
493 3088 533 3128 ne
558 3086 636 3151 quos
652 3048 786 3151 *privato
810 3067 955 3131 amicitia
978 3067 1153 3154 Iugurthae
1165 3116 1176 3146 ,
1195 3091 1312 3154 parum

239 3175 385 3256 cognita,
401 3189 596 3238 transvorsos
611 3187 700 3257 agot:
715 3196 793 3258 quos
809 3197 865 3259 ego
881 3174 979 3239 audio
995 3197 1147 3238 maxuma
1165 3201 1222 3262 ope
1239 3179 1313 3256 niti,

237 3278 362 3344 ambire
370 3329 381 3359 ,
384 3282 531 3365 fatigare
549 3305 599 3344 vos
616 3281 771 3366 singulos,
786 3305 826 3344 ne
843 3282 976 3367 quidde
993 3282 1136 3363 absente,
1152 3286 1313 3370 incognita

239 3409 368 3467 caussa,
391 3390 540 3450 statuatis
552 3413 560 3450 ι
573 3389 700 3475 fingere
717 3413 766 3453 me
783 3389 876 3453 rerba
897 3406 929 3454 et
940 3393 1057 3478 fugam
1077 3393 1243 3471 simulare,
1257 3396 1311 3456 cni

239 3496 370 3560 licuerit
393 3497 427 3558 in
451 3518 547 3581 regno
572 3519 710 3560 manere.
738 3498 829 3577 Quod
845 3500 968 3561 utinam
984 3501 1076 3563 illum
1090 3551 1099 3579 ,
1115 3505 1206 3585 cujus
1222 3503 1309 3587 inpio

228 3606 381 3691 facinore
405 3604 439 3665 in
463 3602 521 3665 hos
545 3604 688 3667 miserias
710 3609 870 3690 projectus
886 3631 955 3669 sum
968 3657 977 3685 ,
993 3607 1103 3671 eadem
1120 3608 1198 3672 liaeo
1213 3611 1310 3672 simu·

239 3709 359 3775 lantem
385 3711 528 3775 videam:
553 3727 584 3774 et
599 3711 776 3796 aliquando
791 3728 848 3776 out
863 3714 951 3799 opud
966 3739 1038 3795 ros,
1053 3732 1110 3780 aut
1125 3716 1212 3803 opud
1227 3722 1309 3780 Deos

235 3819 414 3883 inmortalis
441 3845 547 3884 rerum
572 3819 784 3884 humanorum
809 3846 887 3885 cura
912 3824 1055 3890 oriatur:
1079 3849 1119 3889 ne
1144 3824 1229 3904 ille,
1253 3828 1310 3910 qui

236 3948 321 3987 nunc
345 3927 520 3993 sceleribus
544 3929 611 3992 suis
625 3929 730 4013 scrooc
754 3946 848 4016 atque
870 3931 1058 4015 praeclarus
1080 3948 1148 4012 est,
1163 3933 1307 3996 omnibus

218 4030 329 4096 malis
352 4038 572 4116 excruciatus,
594 4038 758 4124 inpietatis
782 4040 816 4102 in
838 4053 1004 4124 parentem
1028 4055 1184 4122 nostrum,
1188 4040 1307 4127 fratris
