2888 4748
185 327 249 393 280
532 320 536 327 ’
592 324 816 396 EPISTOLA
839 316 857 394 l
941 387 946 392 ,

180 497 233 539 res
247 473 368 539 fierent.
391 471 455 540 Sed
477 472 625 543 homines
646 478 789 560 factiosi,
811 477 928 568 quibus
948 477 1040 545 dolus
1066 491 1162 570 atquc
1183 484 1257 548 mtto*

181 580 253 645 litia
272 579 334 646 lide
359 582 481 646 cariora
501 599 606 665 erant,
621 586 678 650 ubi
693 586 933 667 intellexerunt,
954 609 1012 675 per
1032 610 1133 652 unum
1148 587 1255 654 homiu

181 711 258 754 uem
274 710 458 753 maxumum
472 689 664 755 beneficium
678 693 788 758 multis
803 692 992 760 mortalibus
1005 693 1086 758 dari:
1101 695 1257 761 videlicet

185 809 218 859 et
234 795 295 860 sibi
312 795 449 884 quisque
473 799 622 863 conscius
644 800 728 863 malo
744 814 840 888 atque
854 795 955 864 infido
975 800 1082 865 animo
1104 825 1188 881 esse,
1212 801 1261 867 de

185 898 231 965 M.
249 901 344 968 Livio
360 903 481 984 Druso,
496 905 586 988 juxta
602 929 639 969 ac
653 906 693 970 de
709 929 753 987 se,
773 906 1040 973 existimaverunt
1061 907 1175 996 ltaque
1189 930 1257 973 me·

115 1076 121 1085 .
182 1020 231 1087 tu,
242 1030 281 1071 ne
296 1031 355 1096 pcr
370 1022 489 1074 tantam
504 1011 638 1098 gratiam
655 1012 741 1076 solus
756 1034 863 1076 rerum
878 1013 1048 1102 potiretur,
1056 1029 1166 1083 eontra
1181 1035 1256 1078 eam

184 1114 264 1192 nisi,
279 1137 338 1179 sua
353 1115 455 1203 ipsius
471 1117 605 1182 consilia
620 1117 889 1184 disturbaverunt.

229 1219 324 1287 Vlll.
352 1222 424 1305 Quo
440 1222 516 1304 tibi,
530 1224 719 1313 imperator,
734 1228 855 1310 majore
870 1249 948 1291 cura
962 1225 1090 1316 fideque
1112 1224 1207 1291 amici
1222 1238 1259 1292 et

176 1328 287 1399 ‘multa
300 1329 459 1419 praesidia
473 1331 616 1418 paranda
631 1346 713 1396 sunt
731 1333 864 1397 Hostem
880 1333 1047 1400 adversum
1063 1333 1258 1423 obprimere,

183 1453 316 1504 &renuo
340 1435 470 1503 homini
491 1435 579 1502 haud
603 1437 732 1503 difficile
756 1454 819 1504 est:
842 1440 967 1505 occulta
989 1440 1134 1528 pericula
1149 1463 1260 1529 neque

186 1545 306 1625 lacere,
321 1567 428 1632 neque
443 1543 559 1623 vitare,
574 1544 666 1607 bonis
683 1545 716 1606 in
730 1559 859 1634 promtu
875 1560 930 1610 est.
947 1546 1060 1634 Igitur,
1076 1546 1133 1610 ubi
1148 1558 1202 1611 eos
1218 1547 1256 1611 in

184 1652 347 1720 civitatem
363 1649 551 1729 adduxeris3
567 1650 719 1738 quoniam
738 1651 868 1739 quidem
888 1668 1034 1721 revocata
1048 1653 1158 1742 plebes
1174 1653 1256 1734 erit,

186 1759 222 1823 in
237 1780 275 1823 ea
289 1782 324 1823 re
338 1781 485 1824 maxume
500 1758 642 1823 animum
657 1758 843 1837 exercitato,
862 1759 912 1823 uti
932 1760 1078 1824 colantur
1093 1760 1170 1825 boni
1186 1783 1255 1824 mo·

185 1888 255 1944 αῖς
270 1865 442 1931 concordia
462 1866 545 1932 inter
566 1878 687 1932 veteres
716 1878 747 1930 et
767 1887 868 1932 novos
890 1867 1053 1932 coalescat
1073 1866 1137 1932 Sed
1152 1867 1257 1956 multo

178 1995 371 2042 ,maxumum
386 1973 508 2038 bonum
521 1972 661 2062 patriae,
683 1970 826 2053 civibus,
847 1972 926 2052 tibi,
946 1973 1072 2054 liboris,
1093 1989 1258 2064 postremo

186 2080 346 2149 humanae
360 2081 447 2170 genti
466 2079 646 2171 pepereris;
661 2079 689 2144 si
704 2078 846 2144 studium
866 2081 1021 2168 pecuniae
1044 2093 1099 2145 aut
1120 2080 1258 2146 sustule-

185 2192 244 2272 ris,
259 2204 326 2270 aut,
342 2187 448 2276 quoad
462 2211 512 2253 res
528 2188 619 2268 feret,
633 2185 796 2250 minucris.
813 2184 919 2251 Aliter
932 2210 1037 2276 neque
1058 2188 1181 2276 privata
1205 2209 1259 2252 res

106 2306 115 2320 '
186 2318 291 2386 neque
306 2295 447 2384 publica,
461 2317 566 2383 neque
581 2293 668 2357 domi
682 2315 787 2382 neque
802 2292 946 2374 militiae,
962 2295 1029 2382 regi
1043 2309 1155 2385 potest.
1172 2293 1260 2358 Nam

188 2405 245 2470 ubi
260 2401 378 2493 cupido
394 2401 576 2467 divitiarum
590 2399 719 2477 invasit;
735 2423 840 2488 neque
855 2399 1036 2488 disciplina,
1052 2423 1155 2489 neque
1170 2414 1268 2465 artes-

186 2511 304 2590 bonae,
328 2530 431 2596 neque
455 2506 620 2592 ingenium
641 2506 746 2571 ullum
774 2507 849 2571 satis
876 2506 995 2594 pollet:
1018 2507 1097 2594 quin
1128 2505 1257 2571 animus

188 2616 289 2706 magis
311 2629 367 2679 aut
386 2613 495 2677 minus
515 2627 656 2693 mature,
671 2627 832 2702 postremo
851 2627 958 2677 tamen
974 2613 1161 2679 succumbit.
1179 2611 1259 2676 Sae-

187 2747 229 2814 pe
245 2727 309 2805 jam
329 2719 457 2800 audivi,
480 2719 537 2808 qui
559 2742 668 2807 reges,
691 2743 772 2808 quae
795 2720 939 2787 civitates
963 2734 995 2786 et
1023 2719 1167 2784 nationes
1196 2741 1260 2808 per

189 2827 386 2918 opulentiam
409 2850 525 2914 magna
544 2827 679 2914 imperia
701 2825 888 2904 amiserint,
916 2849 997 2914 quae
1024 2849 1083 2916 per
1102 2826 1258 2892 virtutem

188 2935 301 3024 inopes
317 2946 482 3021 ceperant:
498 2933 532 2996 id
547 2931 625 2996 adso
641 2932 728 2997 haud
749 2932 932 2996 mirandum
951 2947 1006 2996 est.
1027 2932 1108 2996 Nam
1128 2933 1185 2997 ubi
1199 2932 1259 2998 bo·

189 3056 252 3125 'nus
275 3040 480 3127 deteriorem,
497 3038 616 3105 divitiis
638 3039 741 3126 magis
762 3040 884 3104 clarum
903 3039 1066 3130 magisque
1089 3039 1258 3127 acceptum

188 3123 420 3237 videt,primo
443 3158 565 3210 aestuat
595 3145 760 3234 multaque
782 3142 816 3207 in
837 3136 966 3242 pectore
986 3143 1102 3210 volvit:
1122 3132 1259 3210 'sodubi

188 3253 292 3344 gloria
312 3254 467 3318 honorem
488 3252 588 3342 magis
611 3254 646 3315 in
669 3251 755 3333 dice,
776 3250 928 3317 virtutem
952 3249 1115 3340 opulentia
1135 3249 1260 3333 vincit3

189 3360 316 3426 animus
333 3360 373 3424 ad
387 3360 585 3450 voluptatem
601 3384 709 3426 avero
726 3357 842 3423 deficit.
863 3405 864 3409 ,

223 3468 295 3549 ¹IX.
322 3468 451 3558 Quippe
470 3466 571 3556 gloria
594 3467 758 3541 industria
775 3466 871 3531 alitur
881 3491 896 3531 s
913 3465 969 3532 ubi
992 3489 1062 3532 eam
1083 3463 1260 3550 demseris,

188 3573 259 3664 ipsa
276 3598 334 3664 per
349 3597 383 3639 se
397 3575 499 3641 virtus
516 3596 623 3638 amara
645 3588 741 3661 atque
756 3597 869 3662 aspera
883 3587 938 3638 est.
956 3575 1121 3638 Postremo
1136 3572 1194 3638 ubi
1208 3572 1260 3638 di-

187 3681 285 3762 ritiac
310 3682 414 3747 clarae
435 3681 616 3761 habentur,
638 3680 685 3745 ibi
708 3680 815 3744 omnia
836 3680 920 3745 bona
942 3680 1019 3747 vilia
1041 3694 1133 3760 sunt,
1154 3677 1258 3762 fides,

164 3797 168 3814 '
189 3787 352 3877 probitas,
366 3786 489 3876 pudor,
504 3788 667 3877 pudicitia.
684 3789 768 3851 Nam
789 3786 830 3852 ad
845 3787 995 3855 virtutcm
1018 3810 1084 3852 una
1108 3800 1140 3851 et
1156 3785 1260 3853 ardua

190 3893 242 3960 via
257 3907 323 3958 est:
340 3895 380 3959 ad
395 3895 575 3983 pecuniam,
593 3919 656 3983 qua
672 3894 789 3983 cuique
804 3895 910 3982 lubet,
924 3894 1055 3970 nititur3
1071 3907 1102 3957 et
1117 3892 1208 3956 malis
1224 3905 1259 3959 et

191 3997 285 4068 bonis
299 4000 395 4072 rebus
411 4023 448 4073 ea
463 4015 597 4072 creatur.
614 4002 702 4094 Ergo
723 4003 758 4073 in
780 3986 893 4092 primis
916 3998 1136 4070 auctoritatem
1158 4022 1257 4096 pecu·
