2888 4748
401 334 591 403 nannum
618 335 961 403 caelaturarum
1177 365 1219 432 η

97 557 100 564 ,
136 488 302 555 ambitus¹
332 486 536 576 interrogati,
560 502 680 577 poenas
704 486 866 553 dederant.
892 488 970 555 Post
997 490 1127 581 paullo,
1158 494 1219 558 Ca·

137 599 251 678 tilina,
274 594 487 686 pecuniarum
510 595 785 685 repetundarum·
809 619 900 678 reus,
915 598 1099 688 prohibitus
1122 586 1207 666 erat³

141 705 344 772 consulatum
367 717 496 793 petere3
527 701 614 792 quod
641 702 725 769 intra
755 703 914 794 legitimos
946 705 1041 771 diest
1071 706 1218 798 profiteri

142 813 331 903 nequiverit.
357 812 436 876 Erat
460 810 572 876 codem
595 825 739 900 tempore
757 811 815 875 Cn.
832 812 926 894 Piso,
951 812 1135 880 adolescens
1160 838 1218 880 no·

141 920 234 1001 bilis,
258 941 401 985 summae
425 919 597 1002 audaciae,
621 942 736 1010 egens,
759 918 936 999 factiosus3
959 945 1056 1010 quem
1080 923 1121 987 ad
1143 947 1216 1014 per·

140 1027 334 1093 turbandam
352 1027 598 1117 Rempublicam
621 1027 732 1118 inopia
761 1041 857 1117 atque
881 1028 958 1092 mali
978 1052 1082 1095 mores
1107 1031 1217 1095 stimu-

140 1135 259 1200 labant.
294 1135 378 1199 Cum
405 1133 468 1199 hoc
501 1134 641 1199 Catilina
670 1149 702 1201 et
727 1119 927 1217 Autronius,
957 1137 1085 1204 circiter
1107 1138 1217 1204 Nonas

141 1242 332 1308 Decembris
357 1242 493 1308 consilio
518 1244 773 1325 communicato,
804 1244 960 1333 parabant
988 1246 1022 1309 in
1054 1245 1215 1336 Capitolio

138 1349 294 1416 Kalendis
316 1350 466 1416 Januarii
492 1351 528 1414 L.
556 1351 684 1416 Cottam
708 1367 739 1418 et
768 1352 804 1416 L.
832 1354 1034 1442 Torquatum
1065 1352 1215 1420 consules

137 1457 340 1537 interficere3
355 1459 438 1548 ipsi,
452 1458 592 1524 fascibus
618 1460 792 1550 correptis,
808 1458 961 1526 Pisonem
982 1484 1057 1525 cum
1074 1461 1215 1528 exercitu

135 1567 179 1632 ad
209 1566 399 1659 obtinendas
427 1566 507 1632 duas
538 1566 744 1658 Hispanias⁵
774 1569 907 1634 mittere.
933 1569 980 1633 Ea
1004 1593 1039 1634 re
1069 1569 1214 1658 cognita,

133 1698 246 1741 rursus
270 1677 304 1739 in
328 1675 437 1741 Nonas
463 1676 632 1740 Februarii
657 1676 830 1742 consilium
845 1676 951 1742 caedis
967 1667 1213 1744 transtulerunt.

81 1799 88 1822 ·
138 1784 160 1849 J
164 1807 215 1848 am
238 1798 308 1848 tum
330 1805 396 1849 non
411 1783 598 1849 consulibus
622 1783 734 1864 modo,
752 1783 808 1848 sed
831 1784 993 1872 plerisque
1013 1785 1214 1851 senatoribus

139 1892 315 1981 perniciem
337 1891 612 1956 machinabantur.
622 1885 726 1975 'Quod
740 1891 774 1956 ni
792 1891 932 1956 Catilina
948 1906 1141 1957 maturasset
1154 1917 1214 1981 pro

138 1998 256 2066 curia⁶
281 2000 409 2088 signum
433 1998 528 2062 sociis
547 1997 642 2076 dare;
667 2022 704 2064 eo
728 1998 798 2080 die,
818 2014 893 2089 post
912 1999 1076 2064 conditam
1099 2000 1213 2066 urbem

139 2109 294 2186 Romam,
317 2128 504 2197 pessumum
527 2104 652 2171 facinus
675 2121 837 2197 patratum
853 2106 942 2172 foret.
963 2108 1048 2193 Quia
1068 2108 1213 2174 nondum

137 2214 321 2305 frequentes
346 2214 458 2279 armati
482 2230 719 2295 convenerant;
743 2239 855 2281 cares
880 2216 1053 2280 consilium
1076 2215 1211 2280 diremit.

184 2324 283 2388 XIX.
309 2322 424 2387 Postea
440 2322 515 2387 Piso
535 2323 569 2387 in
587 2324 767 2388 citeriorem
785 2324 975 2412 Hispaniam
990 2338 1140 2413 quaestor
1153 2347 1213 2414 pro

137 2446 283 2524 praetore
305 2433 316 2468 '
339 2431 456 2501 missus
480 2443 545 2510 est,
569 2429 732 2495 adnitente
757 2431 895 2520 Crass03
922 2429 1008 2520 quod
1033 2453 1107 2495 cum
1131 2430 1212 2496 inle-

160 2633 171 2669 ι
194 2612 311 2669 Ambire
331 2623 374 2669 est
392 2611 511 2689 proprie
532 2611 654 2671 circum·

136 2688 234 2748 eundo
245 2689 372 2746 favorem
384 2701 412 2744 et
424 2688 556 2764 suffragia
567 2709 655 2763 qnae·

137 2787 208 2827 rere.
229 2768 318 2841 Leges
346 2763 381 2821 de
409 2765 519 2820 ambitu
551 2777 654 2820 erant:

137 2843 180 2899 uti
209 2842 260 2918 qui
289 2841 487 2918 largitionibus
516 2854 566 2896 aut
587 2860 655 2898 vero

137 2918 263 2995 captiose
289 2927 485 2994 consequutus
507 2917 655 2991 magistra·

137 3007 201 3052 tum
228 2995 319 3064 foret,
348 2995 515 3070 magistratu
543 2994 656 3061 abiret,

138 3070 333 3145 mulctamque
362 3071 561 3149 pecuniariam
587 3089 655 3148 per-

138 3147 288 3209 solveret,¹

158 3242 175 3278 n
196 3223 273 3278 Reus
295 3222 522 3299 repetundarum
549 3221 655 3280 scilicet

140 3319 254 3367 rerum,
267 3319 392 3374 quarum
405 3298 546 3355 restitutio
557 3301 653 3376 posci-

139 3387 187 3431 tur
207 3374 306 3442 abeo,
319 3375 370 3448 qui
381 3375 575 3449 provinciam,
594 3395 654 3433 ma-

138 3452 289 3528 gistratum
309 3469 427 3526 gerens,
449 3449 589 3537 spoliavit.

158 3525 175 3582 3
195 3527 287 3582 Nemo
308 3545 374 3581 reus
395 3536 592 3600 magistratum
604 3547 656 3602 pes

139 3615 198 3659 tere
211 3615 339 3680 poterat,
352 3600 421 3656 dum
433 3600 573 3675 judicium
584 3623 657 3678 pen-

141 3677 227 3735 deret.
251 3677 375 3734 Catilina
396 3697 462 3732 cum
482 3676 517 3733 de
537 3678 656 3754 provin·

141 3755 182 3818 cia
202 3754 297 3810 Africa
324 3753 488 3810 decessisset
514 3754 658 3830 petiturus

140 3830 339 3900 consulatum,
361 3843 388 3885 et
408 3828 492 3885 leuati
504 3830 565 3885 Afri
584 3850 657 3905 que-

141 3907 178 3963 sti
198 3907 228 3962 in
248 3919 348 3963 senatu
362 3905 397 3962 dc
417 3873 466 3962 illc
479 3906 603 3982 graviter
615 3925 658 3962 es-

143 3986 215 4051 s'ent,
236 3981 462 4059 repetundarum
483 3984 540 4037 aP.
556 3981 658 4037 Clodio

144 4064 294 4124 accusatus
314 4059 382 4131 suit,
393 4059 538 4143 professus
555 4057 658 4118 deinde

694 2625 736 2670 est
757 2611 881 2669 Catilina
902 2625 1000 2689 petere
1027 2631 1056 2671 sc
1076 2613 1212 2670 consula·

694 2703 770 2745 tum:
791 2691 821 2743 L.
843 2688 988 2746 Voltatius
1015 2689 1116 2745 consul
1143 2710 1213 2746 con·

695 2766 789 2822 silium
800 2765 951 2841 publicum
963 2764 1076 2834 habuit,
1089 2786 1126 2820 an
1139 2767 1213 2822 ratio

696 2841 836 2898 Catilinae
847 2840 981 2909 habenda
992 2855 1075 2909 esset,
1088 2862 1210 2917 quaere·

694 2917 781 2974 batur
802 2918 876 2974 enim
897 2916 1133 2993 repetundarum.
1153 2920 1211 2972 Ca-

694 2995 775 3051 tilina
797 2995 834 3050 ob
855 3014 917 3051 eam
938 3014 1052 3051 causam
1071 2993 1178 3051 destitit
1196 3014 1212 3048 a

694 3071 842 3147 petitione.

712 3145 732 3218 4
753 3146 916 3222 Oportebat
936 3144 1139 3213 candidatum,
1160 3146 1213 3202 tri-

693 3222 771 3299 ginta
792 3220 851 3278 dies
872 3233 936 3277 ante
957 3221 1086 3290 comitia,
1106 3242 1214 3281 nomen

693 3317 778 3354 suum
790 3297 945 3354 inscribere
957 3297 1043 3374 'apud
1062 3298 1212 3373 maginra-

693 3387 756 3431 tum
773 3375 824 3450 qui
836 3374 950 3430 comitia
968 3374 1121 3430 habiturus
1134 3387 1212 3442 erat;

695 3450 745 3506 sed
765 3471 849 3506 nemo
861 3471 927 3507 reus
938 3471 1045 3512 nomen
1062 3470 1115 3528 per
1134 3449 1211 3526 leges

696 3526 765 3588 darc
809 3539 907 3582 oterat.

716 3601 732 3659 5
753 3547 926 3664 Uiieriorem
954 3602 1060 3659 scilieet
1086 3613 1114 3656 et
1143 3600 1211 3656 cite..

696 3679 817 3735 riorem:
837 3679 873 3734 ab
890 3679 976 3736 Ibero
1001 3676 1116 3736 flumine
1141 3675 1212 3735 divi-

697 3754 817 3811 duntur.

715 3832 733 3887 6
753 3832 827 3887 Anto
849 3830 965 3886 curiam.

718 3927 733 3984 7
756 3907 831 3962 Cum
853 3919 926 3964 esset
946 3916 1098 3981 quaestor,
1119 3919 1215 3967 tamen

698 4002 765 4038 cum
786 3983 928 4062 praetoria
956 3979 1092 4061 dignitate
1113 3983 1215 4043 missus

698 4071 749 4122 est,
