2888 4748
410 367 596 441 BELLUM
620 370 977 443 meorumnam
1153 393 1217 465 ιη

153 511 206 590 tri!
227 520 270 589 ad
292 522 326 589 id
349 524 467 590 bellum
492 532 603 592 missus
617 530 716 615 soret
741 526 853 618 ltaque
875 543 906 593 et
927 527 1019 591 illum
1040 535 1072 589 et
1094 525 1218 613 equites

154 626 333 715 Romanos,
348 635 463 700 milites
480 651 511 700 et
526 640 752 726 negotiatores,
767 638 846 702 alios
862 639 945 728 ipse,
960 636 1130 726 plerosque
1146 654 1219 722 spe!

153 744 241 833 pacis
266 745 414 833 inpellit,
439 747 485 810 uti
510 748 644 811 Romam
667 746 706 811 ad
736 769 810 810 suos
835 743 1027 809 necessarios
1052 764 1162 831 aspere
1183 741 1219 805 in

153 851 319 916 Metellum
341 853 379 918 de
401 854 484 918 bello
509 856 667 935 scribant,
683 854 823 918 Marium
839 853 1059 942 imperatorem
1074 860 1218 939 poscant.

155 959 210 1024 Sic
241 960 331 1024 illia
354 961 461 1024 multis
484 962 671 1026 mortalibus
695 960 960 1025 honestissuma¹
992 955 1220 1044 suffragatione

153 1069 339 1131 consulatus
356 1068 529 1155 petebatur.
549 1069 652 1133 Simul
668 1093 705 1134 ea
719 1081 905 1156 tempestate
919 1065 1039 1155 plebes,
1055 1064 1221 1129 nobilitate

153 1172 223 1238 fusa
241 1198 297 1261 per
312 1174 413 1263 legem
431 1175 606 1239 Mamiliam
619 1184 641 1257 ⁸,
656 1199 755 1242 novos
771 1173 946 1239 extollebat
964 1172 1014 1237 Ita
1022 1171 1127 1236 Mario
1143 1192 1220 1236 cun·

155 1295 206 1344 cta
222 1281 402 1371 procedere.

202 1389 310 1453 LXX.
336 1389 468 1454 Interim
492 1388 671 1479 Jugurtba,
694 1402 882 1479 postquam,
906 1387 1022 1452 omissa
1044 1385 1223 1466 deditione,

155 1494 274 1560 bellum
288 1497 421 1587 incipit,
437 1521 509 1561 cum
531 1521 643 1586 magna
667 1519 744 1560 cura
768 1519 879 1585 parare
904 1494 1029 1574 omnia,
1052 1492 1224 1571 festinare,

156 1626 270 1692 cogere
294 1605 486 1669 exercitum:
504 1605 663 1685 civitates,
679 1609 760 1692 quae
785 1604 823 1667 ad
847 1628 879 1669 se
903 1600 1100 1682 defecerant,
1115 1598 1223 1665 formi-

157 1709 230 1774 dine
253 1727 308 1776 aut
333 1713 518 1776 ostentando
542 1712 683 1801 praemia
707 1711 864 1775 adfectare
878 1708 908 1773 ἰ
930 1708 1126 1774 communire
1148 1728 1225 1772 suos

153 1815 261 1883 locos:
279 1836 383 1900 arma,
398 1819 479 1898 tela,
497 1819 641 1907 aliaque,
657 1841 738 1906 quae
761 1841 816 1906 spe
838 1815 926 1906 pacis
947 1816 1094 1879 amiserat
1107 1808 1138 1894 ⁴,
1153 1811 1225 1878 refi-

157 1949 228 1989 cere
248 1941 304 1989 aut
327 1926 551 1989 commercari:
574 1925 701 1990 servitia
717 1925 934 1987 Romanorum
952 1922 1098 2000 adlicere,
1118 1935 1150 1985 et
1169 1942 1225 1985 eos

156 2030 254 2120 ipsos,
271 2031 327 2119 qui
343 2032 375 2093 iu
392 2030 559 2120 praesidiis
575 2045 675 2110 crant,
690 2031 827 2120 pecunia
842 2044 978 2094 tentare:
993 2052 1126 2118 prorsus
1142 2025 1226 2090 nihil

157 2137 330 2218 intactum,
353 2161 456 2226 neque
480 2139 624 2226 quietum
646 2139 732 2227 pati:
749 2153 863 2202 cuncta
880 2137 1005 2225 agitare.
1022 2135 1126 2224 Igitur
1141 2132 1227 2200 Vac-

159 2267 285 2324 ccnses,
301 2270 365 2333 quo
381 2245 530 2310 Metellus
545 2245 658 2325 initio,
678 2246 698 2308 J
701 2245 839 2332 ugurtha
859 2242 1047 2334 pacificante
1063 2244 1091 2322 ⁵,
1106 2238 1226 2333 praesi-

158 2349 248 2417 dium
263 2351 465 2442 inposuerat,
481 2352 602 2440 fatigati
618 2353 700 2440 regis
716 2351 904 2440 suppliciis,
928 2373 1031 2438 neque
1057 2364 1150 2413 antea
1171 2371 1226 2415 ro·

157 2452 279 2523 luntate
295 2461 422 2524 alienati
436 2458 458 2541 ⁶,
474 2461 635 2550 principes
651 2459 787 2525 civitatis
803 2458 885 2521 inter
902 2481 934 2522 se
950 2461 1136 2540 conjurant:
1152 2477 1230 2555 nam

157 2566 292 2653 vulgus,
315 2568 363 2631 uti
384 2567 573 2655 plerumque
594 2567 673 2631 solet
688 2581 719 2631 et
733 2589 878 2630 maxume
895 2563 1125 2644 Numidarum,
1140 2558 1228 2653 iuge-

158 2673 213 2737 nio
236 2673 364 2754 mobili,
389 2673 574 2739 seditiosum
597 2689 691 2763 atque
715 2673 946 2738 discordiosum
968 2686 1053 2751 crat,
1072 2671 1229 2762 cupidum

157 2804 313 2847 novarum
336 2805 461 2862 rerum,
482 2781 582 2869 quieti
599 2797 630 2847 et
645 2783 709 2846 otio
726 2782 915 2848 advorsum:
932 2779 1025 2861 dein,
1042 2778 1229 2869 compositis

158 2889 241 2953 inter
258 2912 290 2953 se
307 2889 419 2969 rebus,
435 2889 468 2952 in
485 2889 568 2953 diem
584 2890 712 2954 tertium
727 2889 926 2954 constituunt
940 2887 966 2969 ⁷,
982 2888 1069 2976 quod
1084 2887 1112 2951 is
1127 2887 1229 2952 festus

159 2990 399 3086 celebratusque
419 3019 476 3085 per
492 3020 617 3061 omnem
634 2996 795 3078 Africam,
811 2996 922 3061 ludum
939 3011 970 3060 et
984 2995 1147 3059 lasciviam
1163 3016 1229 3057 ma·

158 3105 225 3193 gis,
254 3129 349 3192 quam
374 3103 576 3169 formidinem
607 3106 792 3170 ostentabat.
819 3104 900 3185 Sed,
920 3104 976 3168 ubi
1000 3117 1126 3193 tempus
1150 3100 1229 3183 fuit,

159 3212 360 3274 centuriones
385 3211 593 3299 tribunosque
613 3212 758 3276 militaris
782 3226 812 3275 et
831 3212 937 3301 ipsum
953 3209 1150 3300 praefectum
1172 3233 1229 3299 op·

160 3316 228 3404 pidi
245 3318 281 3380 T.
300 3318 482 3406 Turpilium
507 3319 671 3399 Silanum,
687 3319 768 3382 alius
793 3319 891 3383 alium
915 3318 1025 3383 domos
1050 3343 1123 3383 suas
1147 3316 1229 3382 invi·

160 3437 246 3487 tant:
262 3448 316 3488 eos
332 3426 446 3505 omnis,
460 3441 585 3515 praeter
595 3426 788 3514 Turpilium,
800 3426 883 3490 inter
898 3425 1007 3515 epulas
1025 3426 1229 3500 obtruncant;

184 3699 193 3734 1
218 3680 292 3750 Quia
312 3677 464 3738 videbatur
485 3701 544 3735 nou
567 3693 673 3755 petere,
730 3678 747 3735 3
770 3677 926 3735 Soliritore.

163 3756 212 3811 sed
232 3755 312 3832 posci
332 3754 368 3810 ad
389 3755 576 3811 consulatum.
729 3755 879 3826 dAmitto
910 3775 965 3830 pro
995 3753 1111 3809 dimitto
1143 3772 1240 3833 saepe,

183 3849 199 3886 2
219 3831 450 3907 Perlatarogatio
462 3833 639 3906 eaquejussa
659 3851 676 3886 a
713 3832 792 3919 apud
811 3845 921 3888 veteres
940 3830 1094 3887 invenitur.

161 3906 282 3982 populo,
301 3906 347 3964 lex
367 3922 445 3964 erat:
465 3907 499 3964 de
511 3906 674 3963 Mamiliana
731 3927 748 3963 o
769 3909 847 3962 Dum
865 3905 930 3981 paci
950 3905 1084 3962 studeret.

162 3983 308 4057 rogatione
332 3984 397 4042 vide
423 4005 509 4064 supra
534 4006 598 4065 pag.
623 3982 674 4043 105
731 3983 864 4040 bldest:
888 4003 903 4035 a
924 3981 1076 4057 Jugurtha.

162 4072 190 4115 et
202 4079 258 4149 sco.
578 4072 581 4077 '
733 4080 748 4136 7
769 4060 814 4115 Ad
833 4057 949 4117 eosdem
969 4056 1202 4136 perpetrandam.
