2888 4748
255 326 297 390 ss
550 271 587 388 e.
611 307 761 390 oarsrr'
778 313 1056 392 sannnsrrr·

295 472 431 539 XXIII.
455 473 642 563 Postquam,
657 473 759 541 diviso
775 498 883 564 regno,
897 476 993 565 legati
1008 475 1120 541 Africa
1134 475 1335 565 decessere}

247 595 279 644 et
297 580 479 670 Iugurtha,
501 596 612 647 contra
632 581 778 646 timorem
800 583 916 663 animi,
930 583 1072 672 praemia
1095 584 1223 650 sceleris
1244 588 1320 653 ede·

246 702 339 776 ptum
354 712 423 754 sese
437 689 536 767 videt;
551 704 678 754 certum
689 704 788 768 ratus,
801 687 888 778 quod
902 714 939 755 ex
955 690 1064 755 amieis
1080 691 1167 780 apud
1175 691 1316 758 Numen·

245 795 324 858 tiam
340 811 516 885 acceperat,
531 797 638 859 omnia
652 798 769 860 Romae
786 797 911 860 venalia
927 821 994 861 esse
1002 826 1012 875 ,-
1028 797 1125 861 simul
1139 811 1171 862 et
1185 799 1315 865 illorum

242 901 531 991 pollicitationibus
546 924 719 983 aecensus,
734 925 815 992 quos
838 903 947 992 paullo
969 917 1043 968 ente
1063 905 1248 970 muneribus
1263 929 1319 972 exa

241 1010 403 1098 plererat,
419 1008 454 1073 in
469 1031 604 1098 regnum
619 1008 803 1075 Atherbalis
818 1010 962 1074 animum
976 1009 1122 1076 intendit
1135 1011 1209 1101 Ipse
1224 1035 1314 1094 acer,

240 1115 414 1184 bellicosus
430 1145 438 1182 :
463 1130 495 1182 at
515 1117 562 1197 is,
578 1138 675 1205 quem
695 1117 840 1206 petebat,
855 1116 1001 1204 quietus,
1017 1117 1172 1198 imbellis,
1185 1119 1315 1208 placido

240 1222 371 1313 ingenio
385 1268 400 1320 ,-
418 1225 618 1315 obportunus
641 1225 798 1309 injurise3
821 1238 965 1289 metuens
988 1224 1107 1313 magis,
1131 1247 1229 1312 qnam
1248 1249 1313 1293 me⁴

240 1331 389 1411 tuendus.
407 1331 511 1421 Igitur
532 1355 570 1397 ex
590 1331 764 1423 improviso
786 1329 862 1396 finis
885 1335 955 1415 ejus
979 1353 1053 1397 cum
1076 1353 1192 1420 magna
1214 1355 1314 1400 manu

238 1438 379 1507 invadit:
395 1440 513 1506 multos
528 1440 670 1506 mortalis
694 1463 768 1506 eum
790 1462 906 1529 pecore
927 1453 1022 1527 atque
1046 1436 1107 1502 alia
1122 1439 1241 1528 praeda
1260 1464 1313 1506 ea·
1419 1435 1422 1440 ’

239 1547 289 1638 pit
306 1573 313 1611 :
337 1545 482 1614 aedificia
502 1547 660 1614 incendit:
675 1550 828 1639 pleraque
843 1548 915 1612 loea
928 1545 1086 1611 hostiliter
1102 1568 1176 1612 cnm
1191 1546 1312 1636 equita·

202 1652 210 1661 ’
240 1667 278 1720 tu
294 1653 427 1720 aceedit:
443 1655 569 1720 Deinde
585 1679 659 1722 oum
673 1655 762 1720 omni
781 1653 988 1727 multitudine
1008 1652 1042 1717 in
1062 1675 1196 1741 regnum
1216 1675 1314 1719 suum

240 1761 408 1843 convertit,
423 1762 616 1830 existumans
633 1763 741 1829 dolore
755 1777 937 1853 permotum
953 1760 1161 1826 Atherbalem
1175 1760 1312 1844 injurias

239 1888 316 1935 suas
330 1891 428 1934 manu
450 1868 706 1953 vindicaturum,
727 1894 862 1960 eamque
884 1895 951 1937 rem
973 1868 1050 1934 belli
1072 1867 1315 1934 caussam-fore.

241 1975 288 2041 ht
301 1977 367 2057 ille,
383 1978 470 2067 quod
484 2000 588 2068 neque
604 2001 638 2044 se
651 2001 763 2068 parem
778 1978 875 2044 armis
890 1976 1111 2057 existumabat,
1126 1989 1157 2041 et
1171 1975 1310 2042 amicitia

239 2083 355 2175 populi
374 2084 512 2150 Romani
533 2085 654 2174 magis,
669 2108 765 2176 quam
781 2084 946 2181 Numidis,
968 2083 1067 2149 suetus
1089 2097 1175 2162 erat;
1188 2083 1308 2173 legatos

240 2190 284 2255 ad
296 2191 493 2281 Iugurtham
507 2193 547 2257 de
561 2192 690 2277 injuriis
712 2206 860 2281 questum
883 2191 986 2255 misit:
1009 2190 1066 2279 qui
1088 2193 1213 2257 tametsi
1235 2216 1311 2259 eon·
1375 2210 1378 2214 “

238 2299 410 2365 tumeliosa
425 2299 510 2366 dieta
532 2299 727 2380 retulerant,
747 2299 839 2388 prius
862 2313 968 2363 tamen
990 2297 1097 2362 omnia
1114 2299 1182 2388 pati
1202 2299 1309 2366 decre·

240 2404 313 2487 vit,
345 2429 442 2496 quarn
470 2408 592 2473 bellum
621 2429 780 2473 sumere:
811 2405 888 2494 quia
915 2418 1070 2470 tentatum
1097 2419 1189 2470 antea
1215 2430 1308 2473 secus

240 2529 386 2580 cesserat.
411 2515 522 2603 Neque
548 2538 586 2580 eo
599 2515 709 2603 ,magis
738 2511 857 2602 eupido
878 2510 1059 2600 Iugurthae
1080 2512 1307 2579 minuebatur:

241 2620 363 2709 quippe
384 2623 441 2710 qui
464 2636 567 2687 totum
589 2625 659 2706 ejus
687 2641 821 2709 regnum
843 2618 949 2682 enirno
972 2621 1037 2701 jam
1056 2617 1223 2686 invaserat
1246 2621 1308 2688 Ita·

241 2748 306 2812 que
327 2747 411 2808 non,
434 2729 483 2793 uti
506 2743 619 2809 antee,
642 2748 716 2794 eum
738 2724 938 2816 praedatoria
960 2746 1058 2790 manu
1072 2739 1102 2806 ¹,
1116 2726 1172 2792 sed
1194 2749 1308 2816 magno

241 2832 382 2897 exercitu
397 2850 598 2922 comparato,
619 2835 740 2899 bellum
762 2855 871 2922 gerere
890 2831 1013 2922 eoepit,
1034 2846 1065 2898 et
1088 2847 1198 2924 aperte
1208 2834 1307 2900 totius

240 2937 412 3005 Numidiae
427 2939 599 3029 imperium
613 2955 728 3030 petere.
747 2939 914 3019 Ceterum,
930 2962 994 3028 qua
1008 2938 1177 3028 pergebat,
1191 2939 1306 3022 urbes,
1340 2986 1341 2990 ,

240 3070 334 3137 agros
357 3061 500 3130 vastare,
522 3048 656 3138 praedas
672 3069 783 3137 agere3
806 3046 876 3112 suis
898 3047 1057 3127 animum,
1075 3043 1222 3112 hostibus
1245 3059 1315 3127 ters

240 3177 347 3221 rorem
361 3179 486 3246 augere.
618 3241 622 3248 Ι

286 3263 418 3329 XXIV.
444 3261 609 3346 Atherbal,
623 3263 680 3329 ubi
695 3262 843 3352 intelligit
859 3285 896 3330 eo
910 3282 1106 3354 processum,
1113 3258 1161 3326 uti
1174 3284 1308 3350 regnum

241 3383 298 3436 aut
316 3369 563 3459 relinquendum
585 3387 683 3452 esset,
699 3387 754 3437 aut
776 3370 871 3435 armis
892 3368 1112 3447 retinendum
1128 3371 1306 3436 necessario

239 3478 350 3570 eopias
371 3493 464 3568 parat
486 3493 518 3543 et
539 3479 719 3569 iugurthae
743 3479 855 3544 obvius
876 3477 1029 3569 procedit.
1059 3476 1192 3541 Interim
1218 3472 1312 3544 baud

239 3585 335 3676 longe
356 3610 375 3650 a
395 3585 476 3650 mari
498 3609 599 3676 prope
624 3586 746 3651 Cirtam
769 3584 924 3674 oppidum
951 3584 1120 3673 utriusque
1149 3584 1306 3648 exereitus

238 3693 400 3758 consedit:
417 3707 448 3758 et
472 3694 547 3783 quia
569 3692 633 3760 diei
654 3708 828 3760 extremum
848 3707 933 3774 erat,
953 3691 1112 3784 proelium
1133 3714 1198 3756 non
1219 3691 1305 3755 iuce-

239 3814 339 3889 ptum.
365 3799 429 3866 Sed
449 3801 505 3866 ubi
526 3802 716 3895 plerumque
737 3801 840 3868 noetis
862 3801 1036 3892 prooessit,
1058 3800 1193 3866 obscuro
1209 3797 1312 3864 etiam

262 4024 274 4062 r
297 4005 435 4068 Militibus
455 4008 557 4072 leviter
583 4011 698 4073 armatis
726 4025 754 4072 et
791 4012 930 4092 infugam
944 4005 1092 4091 expeditis.
