2888 4748
252 383 269 429 a
591 357 627 422 C.
653 356 689 422 C.
716 349 959 422 santusttt

246 505 452 574 clamationes
475 507 684 598 conscripsit,
713 505 878 572 Ciceronis
910 501 1039 570 nomine
1068 499 1220 568 adversus
1250 497 1319 569 Sal·

245 630 378 696 lustium
396 631 544 713 alteram,
564 630 708 696 Sallustii
725 629 855 694 alteram
874 627 1001 693 nomine
1019 626 1171 691 adversus
1189 626 1320 691 Cicero·

246 774 339 834 nem,
355 754 388 818 in
407 754 523 842 quibus
540 754 666 834 omnia,
690 775 771 841 quae
788 751 972 842 turpissima
989 748 1108 839 fingere
1125 748 1319 839 cogitatione

244 876 369 968 potuit,
393 876 647 965 conglomeravit.
668 875 767 939 Nemo
784 874 900 963 estqui
920 874 979 953 iis,
996 896 1078 962 quae
1094 873 1139 936 ibi
1156 887 1318 938 contume-

243 996 323 1064 liose
340 1000 373 1061 in
392 999 578 1063 Ciceronem
598 1013 831 1087 congeruntur,
846 995 942 1062 fidem
958 997 1092 1073 habeat3
1115 994 1195 1060 falsa
1219 996 1318 1062 immo

243 1143 263 1186 a
286 1135 333 1185 tot
354 1121 526 1209 praeclaris
551 1124 619 1204 ejus
645 1121 796 1209 temporis
820 1119 1029 1208 scriptoribus
1047 1134 1237 1206 arguuntur.
1256 1118 1319 1181 Mi-

240 1265 315 1307 rum
338 1265 413 1306 sane
435 1242 561 1307 ridetur
583 1242 806 1327 hujuscemodi
831 1243 988 1305 orationes
1014 1265 1031 1304 a
1058 1241 1260 1324 Quintiliano
1285 1255 1318 1307 et

244 1363 368 1428 Crinito
392 1366 557 1453 proteris
581 1364 690 1430 haberi
715 1379 809 1454 atque
827 1365 859 1428 in
877 1363 983 1428 lucem
1003 1361 1160 1454 proferri,
1184 1386 1258 1428 cum
1283 1363 1318 1429 in

241 1485 283 1553 iis
306 1485 346 1551 de
370 1511 479 1553 eversa
502 1486 692 1578 Republica,
716 1487 755 1552 de
775 1487 921 1552 Caesaris
939 1500 1051 1567 morte,
1074 1485 1178 1574 deque
1203 1486 1320 1551 Tibur·

241 1610 310 1678 tino
334 1632 392 1700 per
418 1610 607 1676 Sallustium
631 1609 817 1700 empto-fiat
841 1610 971 1675 mentio.

266 1774 269 1779 «
288 1733 398 1818 Quum
421 1757 496 1800 vero
517 1756 620 1823 pauca
638 1734 809 1799 admodum
827 1733 866 1798 de
885 1733 1037 1799 Sallustio
1055 1731 1229 1798 memoriae
1244 1755 1317 1824 pro·

240 1856 307 1923 dita
330 1858 549 1947 reperiantur,
572 1871 604 1922 ct
626 1857 836 1922 nibilominus
861 1860 931 1940 ejus
955 1857 1040 1936 vita,
1064 1880 1179 1945 resque
1208 1857 1249 1921 ab
1277 1852 1317 1924 eo

241 1994 348 2071 gestae
363 1980 474 2044 referri
490 1980 618 2060 vellent,
641 1980 794 2070 pleraque
812 2003 849 2044 ex
866 2003 914 2060 ca,
932 2002 1028 2068 quam
1045 1979 1195 2059 diximus,
1212 1979 1317 2045 decla-

239 2104 378 2171 matione
402 2102 589 2193 deprompta
612 2101 751 2168 fuerunt.
777 2102 891 2192 ltaque
915 2126 989 2168 cum
1018 2117 1049 2168 et
1077 2103 1146 2192 ipse
1172 2100 1316 2170 animum

239 2224 440 2305 induxerim,
464 2226 602 2291 breviter
625 2241 656 2291 et
680 2247 777 2321 quam
800 2226 964 2292 verissime
982 2240 1094 2315 potero
1111 2225 1150 2291 de
1166 2226 1224 2290 illo
1240 2226 1317 2292 seri·

238 2349 331 2430 bere,
351 2350 432 2415 dabo
449 2372 590 2440 operam,
606 2364 642 2415 ut
658 2349 769 2415 sedulo
795 2349 952 2440 expensis,
978 2373 1060 2437 quae
1083 2371 1187 2439 pauca
1211 2371 1228 2412 a
1253 2347 1317 2416 fide

236 2471 343 2564 dignis
368 2475 577 2562 scriptoribus
601 2472 715 2538 tradita
740 2488 826 2554 sunt,
850 2497 900 2540 res
925 2473 1067 2563 singulas
1091 2471 1245 2564 prudenti
1267 2472 1314 2539 in*

237 2598 445 2685 vestigatione
470 2599 627 2662 excutiam
651 2613 746 2686 atque
769 2620 959 2664 recenseam.

284 2718 384 2802 Cajus
396 2718 530 2808 Crispus
541 2720 713 2786 Sallustius
728 2720 864 2809 plebeja,
876 2721 932 2787 sed
948 2721 1081 2788 honesta
1095 2717 1216 2787 familia
1226 2717 1317 2787 tmi-

235 2841 338 2921 terni,
357 2841 550 2909 Sabinorum
573 2844 667 2922 urbe,
692 2847 786 2928 cujus
810 2845 965 2935 reliquiae
990 2844 1095 2912 adhuc
1119 2845 1152 2911 in
1172 2843 1316 2934 Aprutio

238 2986 308 3032 con.
319 2963 483 3054 piciuntos
500 2965 583 3045 leco,
599 2989 693 3054 quem
711 2990 811 3057 prope
829 2983 973 3034 sanetum
984 2968 1190 3034 Victorinum
1207 2966 1316 3056 appel·

150 3138 155 3149 .
236 3087 306 3154 lant
323 3088 513 3169 Furonium,
527 3103 620 3153 natus
634 3103 682 3155 est
698 3113 781 3154 anno
800 3091 838 3154 ab
855 3091 934 3157 urbe
951 3091 1079 3158 condita
1096 3089 1318 3159 DCLXVIII

237 3209 343 3274 Mario
354 3209 436 3274 Vll.
454 3211 559 3277 Cinna
578 3212 620 3277 ll.
632 3213 817 3278 consulibus
828 3215 846 3277 ¹.
869 3213 972 3280 Roma
987 3229 1065 3280 tunc
1081 3215 1235 3303 temporis
1252 3212 1317 3278 dis·

236 3332 347 3412 cidiis,
375 3333 586 3416 tumultibus,
617 3337 704 3402 civili
728 3336 812 3402 bello
837 3335 997 3426 flagrabat
1024 3335 1115 3403 Sulla
1140 3335 1318 3401 nobilitatis

237 3478 271 3524 se
297 3455 453 3522 fautorem
477 3453 605 3546 gerens,
623 3459 746 3525 Marius
770 3460 970 3549 aequalitatis
992 3458 1135 3526 studium
1158 3455 1316 3547 praesefe-

237 3603 328 3661 rens,
348 3581 581 3670 rempublicam
605 3582 745 3649 vicissim
770 3584 987 3650 crudelissime
1003 3581 1228 3647 dilacerabant.
1248 3581 1316 3648 Has
1414 3647 1421 3655 ,

239 3701 323 3769 inter
345 3704 621 3794 perturbationes,
645 3706 749 3786 cives,
773 3722 810 3772 ut
832 3705 886 3787 lit,
911 3706 951 3771 ad
969 3706 1075 3770 omnia
1090 3705 1168 3772 vitia
1189 3702 1316 3793 prolabi

238 3842 434 3919 caeperunt3
458 3828 537 3894 adeo
561 3843 598 3894 ut
620 3851 679 3918 pro
703 3831 843 3920 antiquis
866 3831 1058 3910 virtutibus,
1081 3828 1148 3911 ris,
1171 3825 1317 3907 avaritia,

264 4080 276 4118 t
298 4060 389 4120 Annis
408 4062 474 4120 eute‘
495 4061 646 4120 Christum
664 4075 764 4119 natum
785 4061 830 4121 85.
