2888 4748
173 353 176 363 .
211 276 281 340 sss
514 264 553 333 e.
580 262 731 333 casser
757 261 1003 333 sannusrrr
1107 330 1112 340 .

210 423 245 486 in
262 441 331 487 sese
348 414 490 484 amioum
505 414 575 483 rati.
591 417 674 481 Nam
689 415 786 481 etiam
801 429 871 482 tum
885 415 1013 506 largitio
1029 409 1042 451 l
1055 413 1166 481 multis
1182 412 1294 506 ignota

191 553 192 557 ’
214 544 300 608 erat3
323 525 497 594 munificus
520 548 615 592 nemo
630 525 823 616 putabatur,
838 523 902 591 nisi
916 525 1037 615 pariter
1052 524 1183 591 volens:
1208 524 1295 591 dona

214 637 324 707 omnia
347 637 382 701 in
405 635 601 724 benignitate
617 633 826 700 habebantur.
844 633 948 724 Igitur
962 633 1126 724 quaestori
1143 633 1293 700 mandata

213 744 338 813 Bocchi
361 743 581 834 patefaciunt3
604 741 703 808 simul
725 741 828 808 abeo
851 756 987 832 petunt,
1015 741 1064 808 uti
1087 739 1195 838 Iautor
1219 765 1295 808 con-

214 855 381 942 sultorque
397 852 460 917 sibi
475 850 574 917 adsit:
589 852 713 938 copias,
727 851 845 936 fidem,
860 849 1114 938 magnitudinem
1130 852 1211 936 regis
1227 853 1292 932 sui,

213 962 358 1041 etalio,
381 984 465 1047 quoe
494 975 552 1024 aut
575 959 691 1040 utilia,
720 975 778 1024 aut
801 959 1068 1025 benevolentiae·
1089 982 1159 1022 esse
1185 959 1294 1025 crede·

214 1070 312 1150 bant,
328 1069 472 1134 oratione
495 1067 668 1136 extollunt:
684 1066 776 1153 dein,
795 1067 888 1133 Sulla
903 1067 1012 1132 omnia
1026 1066 1172 1157 pollicito
1182 1097 1195 1148 ,ν
1207 1065 1294 1133 docti

213 1200 282 1266 quo
297 1176 393 1241 modo
409 1176 497 1266 apud
520 1175 680 1256 Marium,
703 1174 781 1240 item
805 1174 893 1265 apud
916 1191 1065 1242 senatum
1088 1175 1188 1245 verba
1211 1175 1293 1242 face·

215 1299 307 1365 rent,
330 1284 459 1349 circiter
481 1283 549 1348 dies
574 1282 785 1373 quadraginta
807 1283 927 1349 ibidem
951 1282 1175 1374 opperiuntur.

264 1391 374 1457 CXII.
399 1390 541 1471 Marius,
564 1405 736 1480 postquam
759 1389 879 1457 infecto
894 1391 1042 1482 negotio,
1058 1415 1124 1481 quo
1149 1391 1292 1458 intende·

215 1513 285 1581 rat,
309 1500 434 1565 Cirtam
456 1498 557 1576 redit;
578 1497 618 1563 de
634 1498 772 1565 adventu
788 1497 967 1588 legatorum
983 1499 1102 1586 certior
1121 1498 1242 1581 factus,
1257 1501 1294 1564 il-

81 1641 86 1653 *
164 1671 167 1676 ,
214 1597 330 1696 Iosque
352 1621 384 1671 et
408 1605 531 1671 Sullam
546 1606 656 1672 venire
670 1605 777 1690 jubet,
792 1607 934 1696 itemque
950 1607 987 1672 L.
1005 1607 1188 1688 Bellienum
1203 1631 1293 1697 prae·

134 3814 136 3818 ,
219 3781 294 3826 erat:
307 3787 393 3824 nemo
404 3766 563 3844 putabatur
574 3767 739 3837 munificus,
795 3766 814 3823 3
826 3768 905 3823 Inter
917 3788 991 3843 quae
1001 3787 1068 3822 man

214 1728 320 1781 torem
344 1713 462 1794 Utica,
483 1727 648 1803 praeterea
670 1714 775 1778 omnis
798 1714 944 1804 undique
972 1715 1126 1787 senatorii
1150 1716 1294 1796 ordinis3

215 1821 412 1911 quibuscum
435 1821 584 1886 mandata
599 1820 721 1887 Boccbi
745 1822 928 1912 cognoscit,
951 1821 987 1887 in
1003 1823 1140 1912 qtribus,
1157 1820 1295 1913 ³legatis

216 1944 359 2021 potestas
382 1929 482 1996 eundi
505 1930 642 1994 Romam
665 1927 721 2009 fit;
744 1945 777 1996 et
792 1931 833 1995 ab
848 1931 982 1996 consule
998 1930 1120 1997 interea
1143 1931 1295 1996 induciae

216 2037 471 2128 postulabantur.
498 2035 547 2102 Ea
572 2037 682 2102 Sullae
706 2052 738 2103 et
760 2037 924 2129 plerisque
947 2038 1119 2129 placuere:
1135 2039 1233 2131 pauci
1249 2037 1293 2104 f-

178 2130 180 2143 ⁶
216 2146 328 2213 rocius
350 2146 547 2227 decernunt,
570 2145 693 2212 scilicet
715 2146 821 2235 ignari
840 2145 1057 2213 humanarum
1073 2170 1198 2228 rerum,
1214 2170 1297 2237 quae

218 2253 324 2320 fluxae
348 2267 380 2320 et
402 2253 538 2320 mobiles
562 2277 688 2344 sempor
714 2254 749 2318 in
777 2254 913 2322 advorsa
941 2268 1128 2321 mutantur.‘
1144 2256 1299 2341 Ceterum

214 2362 345 2453 Mauri,
367 2362 546 2453 impetratis
570 2362 739 2444 omnibus,
753 2375 819 2430 tres
835 2361 974 2427 Romam
988 2361 1125 2453 profecti
1140 2386 1216 2427 cum
1234 2364 1294 2427 Gn.

219 2470 356 2538 Octavio
372 2469 479 2551 Rufo,
502 2470 559 2560 qui
584 2485 736 2560 quaestor
757 2469 955 2560 stipendium
971 2471 1005 2535 in
1020 2469 1167 2541 Africam
1183 2469 1296 2560 adpor-

214 2590 359 2648 taverat:
383 2577 449 2644 duo
473 2576 515 2643 ad
537 2600 644 2667 regem
667 2578 812 2645 redeunt.
829 2579 879 2645 Ex
902 2578 953 2644 his
974 2578 1124 2645 Bocchus
1148 2603 1223 2646 cum
1248 2603 1297 2646 ce·

217 2700 307 2767 tera,
329 2701 400 2753 tum
422 2709 571 2753 maxume
594 2687 826 2776 benignitatem
841 2703 874 2754 et
888 2685 1034 2753 studium
1052 2681 1162 2754 Sullae
1182 2689 1301 2755 lubens

213 2793 364 2885 accepim
387 2795 574 2884 Romaeque
597 2795 710 2886 legatis
734 2798 824 2880 ejus,
847 2810 1041 2886 postquam,
1054 2821 1176 2862 errasse
1192 2819 1296 2881 regem

212 2919 251 2968 et
273 2902 451 2988 Iugurthae
475 2905 594 2968 scelere
619 2904 761 2987 lapsum,
785 2903 949 2993 deprecati
974 2917 1059 2985 sunt,
1076 2903 1250 2968 amicitiam
1266 2915 1298 2967 et

217 3010 332 3078 foedus
355 3010 538 3101 petentibus
562 3010 625 3077 hoc
647 3003 744 3076 modo
768 3012 1001 3101 respondetur:
1026 3015 1060 3074 S.
1080 3027 1116 3076 et
1140 3015 1176 3075 P.
1194 3015 1228 3075 Il.
1246 3010 1298 3076 be-

215 3123 327 3205 neficii
350 3137 383 3186 et
406 3123 545 3205 injuriae
562 3145 683 3185 memor
697 3143 766 3187 esse
781 3120 871 3183 solet.
891 3125 1040 3184 Ceterum
1058 3119 1197 3200 Boccho,
1220 3097 1302 3205 quom

216 3231 306 3295 niam
321 3232 478 3317 poenitet,
493 3230 607 3293 delicti
618 3231 756 3315 gratiam
770 3227 861 3316 facit
871 3256 883 3309 ,-
895 3227 1018 3316 foedae
1032 3245 1066 3296 et
1080 3230 1226 3295 amicitia
1241 3229 1297 3293 da-

218 3337 362 3420 buntur,
383 3364 456 3406 cum
480 3340 642 3404 meruerit.

241 3635 253 3670 1
276 3612 375 3671 Multis
386 3611 463 3670 enim
474 3631 575 3669 eorum
585 3609 738 3670 bominum
796 3631 826 3678 as
834 3613 918 3684 Quae
936 3612 974 3670 ad
985 3609 1217 3672 benevolentiam
1228 3627 1299 3686 cap·

220 3691 348 3766 captiosa
377 3689 495 3747 donatio
520 3688 616 3747 adbuc
641 3690 739 3766 ignota
777 3689 894 3747 undam
914 3687 1059 3767 pertinere
1101 3696 1221 3744 oterant.

1070 3710 1135 3820 dita
1147 3762 1204 3817 hoc
1227 3772 1301 3832 erat,

218 3843 275 3900 nisi
286 3865 341 3920 pro
353 3843 566 3902 benevolentia:
580 3843 743 3900 humanum
781 3857 814 3901 ut
832 3843 919 3920 legati
939 3845 1060 3900 Romam
1078 3838 1298 3918 proficisceren-

219 3939 349 4053 Janimum
367 3935 397 3983 et
416 3920 540 3985 amicum
562 3919 640 3984 dona
656 3932 744 3982 testa·
780 3933 846 3997 tur5
866 3919 946 4000 quod
964 3920 1001 3978 iis
1020 3917 1101 3977 Sulla
1121 3917 1269 3978 concessit

230 4007 336 4056 tantur.
