2888 4748
381 323 571 391 'BELLUM
597 325 939 394 CfflLINARIUM
1155 333 1196 421 59
1275 376 1280 386 .

118 491 207 542 tonte
228 475 368 543 onmium
391 492 477 543 metu
500 477 587 540 solue
608 501 673 542 non
697 479 805 557 timet3
821 503 858 543 eo
881 478 980 568 magis
1004 478 1123 601 refert,
1144 507 1193 547 rue

116 583 197 653 nitri
206 600 306 670 etque
323 583 408 648 robis
424 585 545 651 timere.

125 690 249 758 &LVI
276 695 381 772 Quare
397 716 469 756 cum
489 692 529 758 de
553 696 589 757 P.
607 693 743 758 Lentulo
763 695 939 779 ceterisque
954 698 1119 761 statuetis
1109 722 1193 785 ,pro

115 813 202 867 certo
222 797 391 878 bobetote,
413 800 576 889 coutimul
591 800 630 865 'de
647 803 792 865 exercitu
813 801 973 866 Catilinae
988 818 1023 867 et
1034 803 1074 866 de
1091 808 1191 869 omni·

116 905 174 973 bus
195 908 371 990 conjuratis
394 883 573 976 decernere.
600 911 725 990 Quanto
750 932 800 972 vot
823 909 984 974 adtentius
1007 933 1047 975 ea
1069 914 1169 997 agetie
1180 961 1192 992 ,

114 1028 204 1077 tanto
221 1014 288 1078 illic
303 1015 432 1079 animur
445 1014 605 1099 infirmior
616 1018 684 1080 erit.
695 1017 732 1080 Si
745 1008 928 1101 paullulum
947 1017 1038 1080 modo
1054 1042 1104 1082 vot
1120 1018 1191 1083 lan·

112 1145 211 1208 guero
228 1121 376 1199 viderint,
386 1123 457 1205 jam
474 1123 715 1206 omnetseroces
731 1123 875 1186 aderunt.
893 1123 998 1187 Nolite
1014 1127 1190 1190 existuma-

115 1254 150 1295 re
164 1279 173 1307 ,
189 1231 324 1314 inoleret
341 1244 463 1295 nostroe
480 1237 489 1260 ¹
503 1231 600 1295 armis
616 1230 855 1314 Rempublieom
869 1255 913 1293 eo
926 1256 1024 1317 parra
1041 1249 1189 1318 magnoni

103 1337 235 1422 secisse.
254 1339 291 1401 Si
305 1339 352 1403 ite
366 1361 416 1402 res
432 1352 531 1416 estet,
546 1335 646 1401 multo
659 1336 918 1423 pulcherrumam
934 1361 1004 1402 eam
1021 1363 1077 1404 noe
1093 1337 1187 1406 babe-

116 1446 376 1530 rcmue‚·.quippe
391 1445 549 1509 sociorum
572 1460 668 1530 atque
693 1445 825 1521 civium,
837 1454 1006 1533 praeterea
1028 1471 1188 1512 armorum

113 1568 211 1638 atque
227 1576 381 1638 equorum
396 1555 498 1638 major
512 1551 604 1619 nolis
619 1553 731 1637 copia,
747 1560 844 1638 quam
859 1553 948 1633 illis,
966 1569 1022 1618 est.
1040 1554 1106 1617 Sed
1120 1556 1188 1619 alia

103 1659 224 1742 suere,
239 1684 321 1746 quae
337 1659 411 1727 illos
426 1661 672 1745 magnossecere
681 1688 693 1738 3
707 1684 789 1745 quae
806 1660 897 1726 nobie
912 1661 1006 1724 nulla
1021 1678 1116 1740 sunt,·
1132 1663 1187 1727 do-

113 1768 159 1829 mi
174 1766 332 1833 industria
343 1816 352 1846 ‚
358 1768 445 1852 soris
456 1770 579 1851 justum
596 1769 762 1855 imperium
775 1795 785 1845 3
800 1770 926 1831 animae
937 1770 975 1831 in
991 1769 1187 1834 consulendo

114 1873 216 1952 liber,
232 1898 333 1959 neque
349 1874 467 1939 delicto
492 1875 502 1903 '
522 1897 625 1959 neque
649 1873 790 1938 lubidini
804 1874 969 1938 obnoxius,
986 1879 1049 1939 Pro
1065 1875 1114 1939 liis
1130 1901 1187 1940 not

114 1981 267 2045 babemus
290 1981 456 2048 luxuriam
493 1995 589 2065 atque
616 1983 808 2059 avaritiam3
828 1981 957 2067 publice
988 1988 1188 2068 egestatem,

113 2090 269 2174 privatim
278 2088 492 2171 opulentiam:
508 2087 676 2151 laudamus
691 2087 830 2166 diritius,
844 2092 1008 2176 sequimur
1022 2077 1171 2155 inertiam
1176 2120 1186 2170 ,-

113 2196 197 2258 inter
212 2193 309 2259 bonor
324 2209 356 2259 et
370 2195 470 2260 malos
486 2194 656 2259 discrimen
672 2196 812 2260 nullum:
828 2196 934 2261 omnia
949 2197 1078 2264 virtutis
1094 2220 1186 2286 prae·
1265 2245 1268 2252 -

115 2301 180 2368 mia
196 2300 326 2369 ambitio
340 2301 489 2392 possidet
507 2306 616 2388 Neque
633 2305 770 2379 mirum3
786 2302 842 2365 ubi
864 2328 913 2367 ros
936 2306 1108 2389 separatim
1122 2303 1187 2367 eibi

114 2412 248 2497 quisque
264 2411 434 2476 concilium
450 2411 587 2494 capitio,
602 2409 659 2474 ubi
674 2409 761 2472 domi
776 2408 988 2495 voluptatibus
1000 2459 1010 2487 ,
1024 2408 1076 2472 liic
1089 2434 1186 2494 pecu·

112 2519 186 2581 niae
208 2532 266 2582 aut
277 2519 400 2602 gratiae
416 2518 537 2581 servitio
553 2523 583 2594 ³5
599 2539 635 2579 eo
642 2515 701 2598 fit,
722 2530 758 2578 ut
782 2515 988 2599 impetuefiat
1003 2518 1037 2580 in
1053 2539 1184 2580 vacuam
1202 2549 1204 2553 >
1225 2595 1231 2602 .

113 2622 362 2710 Rempublicem.
380 2616 446 2688 Sed
460 2646 515 2708 ego
531 2622 610 2687 boec
627 2624 745 2686 omitto.
759 2624 969 2704 Coniuravere
985 2622 1186 2691 nobilissumi

112 2733 193 2796 ciret
214 2733 354 2816 patriam
377 2729 568 2797 incendere:
586 2730 751 2797 Gallorum
772 2745 920 2815 gentem,
935 2730 1183 2814 infestissumam

113 2842 235 2904 nomini
256 2842 419 2918 Romano,
441 2837 485 2902 od
506 2837 626 2905 bellurn
650 2853 837 2902 arcessunt:
858 2838 928 2902 dun
951 2838 1088 2903 boetium
1110 2863 1183 2903 curn

113 2948 256 3010 exercitu
280 2971 377 3032 supra
400 2961 497 3032 caput
519 2962 595 3011 est:
621 2961 670 3009 coe
694 2948 891 3011 cunctemini
914 2948 1011 3010 etiam
1034 2953 1128 3009 nunc
1151 2963 1188 3039 et

113 3053 280 3129 dubitatis,
295 3054 386 3139 quid,
401 3056 487 3119 intra
502 3055 629 3118 moenia
643 3054 845 3140 deprebensis
862 3054 1187 3136 ltoetibue,saciatieP

114 3162 333 3225 Misereamini
353 3185 466 3226 censeo
488 3186 497 3224 .·
519 3161 683 3248 deliquere
708 3163 849 3227 homines
862 3162 1106 3231 adolescentuli
1124 3187 1185 3248 per

112 3266 318 3333 ambitionem
335 3293 344 3328 .·
366 3284 461 3353 atque
477 3270 574 3333 etiam
589 3286 728 3334 armatos
743 3270 920 3335 dimittatis.
937 3274 1004 3334 Nae
1021 3271 1083 3336 ieta
1098 3271 1203 3361 nobie,

114 3374 321 3439 mansuetudo
346 3389 378 3438 et
399 3377 637 3456 misericordia,
657 3379 687 3441 ei
705 3377 757 3441 illi
779 3401 871 3439 arma
893 3379 1055 3462 ceperint,
1075 3380 1108 3442 in
1123 3381 1184 3442 nti·

113 3483 230 3545 seriam
246 3497 350 3545 certet.
368 3482 499 3547 Scilicet
514 3508 563 3547 ree
579 3486 649 3569 ipra
664 3508 779 3568 aspero
794 3499 861 3562 est3
876 3484 933 3546 sed
948 3509 998 3547 ros
1014 3509 1077 3547 non
1094 3488 1183 3549 time-

115 3591 154 3653 tis
171 3613 250 3652 eom.
268 3593 454 3676 Immolrcro
470 3612 619 3652 maxume
632 3618 641 3668 ;
657 3590 714 3654 sed
728 3593 844 3656 inertia
859 3608 891 3655 et
906 3591 1045 3655 mollitia
1060 3594 1184 3671 animi,

114 3696 197 3761 elius
218 3695 319 3758 olium
342 3711 584 3819 exspectante&
573 3700 808 3798 ‚cunctamini‚
823 3699 969 3772 videlicet
983 3698 1043 3764 diis
1059 3701 1192 3763 immor-¹

137 3888 147 3923 1
172 3868 301 3946 Supple:
314 3880 437 3930 tantum
688 3868 707 3928 3
726 3871 791 3960 Non
803 3894 856 3950 pro
871 3872 1041 3950 Republica,
1062 3874 1111 3931 sed
1130 3895 1186 3952 pro

134 3944 261 4030 aceepit
271 3961 416 4007 senatores
425 3966 552 4007 conscios
563 3962 630 4006 con
669 3949 792 4037 pecunia
820 3961 848 4006 et
875 3951 963 4026 gratio
984 3952 1187 4032 consequendo

114 4019 273 4095 jurationis
425 4068 427 4072 Α
670 4025 804 4102 suffragia
825 4027 910 4085 loreis.
