2888 4748
201 371 244 415 ,ο
495 313 531 427 c.
558 343 707 413 cursu
733 341 976 434 sinsusrn

197 497 231 565 vi
246 488 397 574 'subacti3
423 493 582 586 Carthago
602 512 629 579 ¹,
653 497 777 563 aemula
800 497 928 587 imperii
952 493 1109 576 Romani,
1133 519 1152 562 a
1176 496 1278 590 stirpe

196 604 318 671 interiit
335 631 344 683 3
368 617 483 670 cuneta
502 605 603 670 maria
616 620 783 694 terraeque
798 606 950 695 patebant
968 608 976 669 ἐ
1000 603 1129 670 fortuna
1154 608 1278 673 saevire

196 736 237 779 ac
259 713 391 779 miscere
411 714 518 778 omnia
535 711 648 804 coepit.
665 713 731 797 Qui
747 712 890 794 labores,
914 712 1076 802 pericula,
1100 711 1214 779 dubias
1231 729 1277 779 at·

196 844 261 910 que
275 843 401 911 asperas
415 844 465 886 res
479 819 572 885 facile
587 820 808 901 toleraverant,
824 820 864 884 iis
878 822 990 901 otium,
1005 818 1147 901 divitiae,
1163 836 1277 911 optan-

195 927 255 992 dae
279 929 361 1010 aliis,
384 928 474 992 oneri
496 926 707 1017 miseriaeque
724 930 734 952 ²
751 926 849 993 fuere.
866 927 969 1017 Igitur
988 926 1092 1017 primo
1108 929 1278 1018 pecuniae,

195 1035 270 1101 dein
294 1036 421 1127 imperii
441 1036 558 1125 cupido
580 1037 680 1104 crevit
698 1062 704 1099 :
729 1059 766 1100 ea
780 1036 873 1125 quasi
887 1036 1034 1100 materies
1050 1037 1195 1101 omniurn
1212 1060 1278 1102 ma·

196 1144 302 1210 lorum
325 1144 422 1210 fuere.
447 1144 593 1234 Namque
616 1143 751 1213 avaritia
779 1143 893 1225 fidem,
918 1142 1110 1234 probitatem
1141 1160 1277 1211 ceteras·

196 1277 262 1345 que
277 1267 360 1318 artes
375 1253 475 1318 bonas
491 1253 665 1333 subvertit,
679 1275 738 1343 pro
752 1253 803 1318 his
817 1252 1019 1342 superbiam,
1037 1250 1278 1336 crudelitatem,

197 1362 275 1428 deos
305 1363 489 1451 neglegere,
513 1362 620 1429 omnia
649 1361 774 1429 venalia
803 1359 940 1441 habere,
964 1359 1118 1424 edocuit:
1144 1359 1277 1425 ambitio

197 1470 316 1536 multos
340 1470 482 1534 mortalis
505 1468 602 1535 falsos
625 1468 696 1534 fieri
720 1467 857 1559 subegit;
878 1467 967 1532 aliud
992 1466 1138 1532 clausum
1161 1468 1196 1532 in
1220 1492 1276 1558 pc-

197 1593 311 1659 ctore,
335 1578 423 1642 aliud
447 1579 481 1641 in
503 1577 615 1667 lingua
638 1590 800 1669 promtum
823 1576 963 1655 habere3
987 1574 1144 1641 amicitias
1168 1576 1276 1642 iuimi-

196 1686 352 1776 citiusque
368 1709 432 1751 non
448 1711 486 1751 ex
501 1709 553 1766 re,
577 1685 633 1750 sed
648 1709 685 1750 ex
702 1684 868 1750 commodo
888 1700 1087 1766 aestumare3
1108 1686 1276 1774 magisque

197 1793 343 1874 vultum,
367 1818 463 1883 quam
486 1793 652 1883 ingenium
674 1793 796 1858 bonurn
814 1794 941 1857 habere.
957 1794 1045 1857 Haeo
1064 1791 1168 1883 primo
1186 1794 1276 1882 paul-

196 1902 288 1967 latim
312 1926 472 1983 erescere,
495 1901 656 1966 interdum
680 1900 836 1968 vindicari
854 1893 873 1964 ⁸.
900 1902 999 1981 Post,
1023 1882 1080 1966 ubi
1104 1902 1277 1990 contagio,

196 2011 291 2100 quasi
314 2010 518 2100 pestilentia,
542 2009 676 2087 invasit3
700 2010 812 2076 civitas
835 2008 1019 2090 inmutata,
1042 2009 1215 2098 imperium
1238 2032 1277 2074 ex

197 2118 385 2201 iustissumo
400 2132 495 2206 atque
511 2131 643 2208 optumo
651 2116 780 2182 crudele
792 2116 1093 2206 intolerandumque
1109 2116 1239 2181 factum.

241 2227 304 2309 XI.
332 2225 396 2290 Sed
419 2225 522 2315 primo
546 2225 647 2313 magis
672 2224 823 2304 ambitio,
847 2247 945 2312 quam
969 2224 1127 2305 avaritia,
1152 2225 1277 2289 animos

195 2333 365 2400 bominum
379 2333 566 2400 exercebat:
588 2331 676 2421 quod
698 2346 803 2398 tamen
827 2332 943 2398 vitium
966 2332 1100 2420 propius
1124 2331 1277 2399 virtutem

196 2458 272 2509 erat.
297 2443 380 2507 Nam
404 2441 555 2532 gloriam,
578 2439 751 2522 honorem,
776 2440 966 2530 imperium,
990 2439 1116 2520 bonus,
1140 2439 1275 2528 ignavus

196 2573 299 2640 aeque
323 2550 384 2614 sibi
407 2563 576 2639 exoptant:
601 2549 657 2614 scd
680 2549 734 2613 ille
757 2544 860 2614 vcra⁴
882 2547 933 2614 via
949 2547 1175 2626 nititur3huic
1199 2547 1277 2638 quia

196 2656 300 2721 bonae
324 2671 407 2720 artes
430 2656 562 2736 desunt,
585 2657 667 2722 dolis
699 2671 794 2746 atque
826 2655 962 2719 fallaciis
992 2655 1164 2720 contendit.
1190 2653 1275 2724 Ava-

197 2764 272 2829 ritia
296 2763 452 2852 pecuniae
473 2762 615 2829 studium
632 2764 744 2842 habet3
768 2786 865 2852 quam
889 2786 982 2826 nemo
1008 2762 1133 2851 sapiens
1158 2781 1273 2827 concu-

198 2872 287 2960 pivit.
306 2870 354 2933 Ea
379 2870 472 2958 quasi
494 2871 625 2936 venenis
649 2870 740 2934 malis
765 2872 903 2952 imbuta,
925 2894 1041 2959 corpus
1066 2871 1275 2957 animumque

197 2978 323 3044 virilem
347 2977 526 3042 effeminat:
551 3000 675 3067 semper
698 2974 836 3059 infi'nita,
860 2978 1050 3044 insatiabilis
1075 2992 1145 3042 est:
1169 3000 1276 3065 neque

198 3085 291 3173 eopia
315 3108 420 3181 neque
443 3085 552 3174 inopia
576 3084 739 3150 minuitur.
768 3085 842 3167 Sed,
865 3101 1035 3175 postquam
1054 3086 1091 3149 L.
1110 3084 1212 3163 Sulla,
1228 3107 1277 3147 ar·

197 3191 258 3255 mis
274 3207 400 3281 recepta
416 3193 605 3282 Republica,
621 3193 714 3258 bouis
730 3194 830 3260 initiis
848 3193 859 3230 ⁵
874 3195 974 3258 malos
996 3207 1127 3260 eventus
1144 3191 1277 3270 habuit;

196 3318 309 3388 rapere
323 3322 450 3380 omnes,
472 3299 597 3366 trahere
616 3328 623 3370 z
647 3301 777 3367 domum
794 3303 893 3384 alius,
917 3302 1000 3366 alius
1016 3324 1108 3390 agros
1131 3323 1250 3390 cupere
1269 3327 1276 3365 :

221 3546 231 3584 1
254 3526 313 3585 Diu
333 3546 400 3583 cum
414 3526 524 3605 populo
535 3528 666 3583 Romano
679 3527 714 3585 de
772 3528 791 3599 4
810 3532 886 3588 Vera
906 3550 962 3607 pro
984 3547 1091 3604 aequa;
1104 3527 1155 3583 ille
1167 3526 1275 3596 bouus,

197 3602 318 3676 imperio
332 3603 410 3660 orbis
424 3617 566 3659 terrarum
586 3606 714 3663 certavit.
753 3606 822 3665 huic
842 3608 955 3683 ignave.

198 3678 299 3736 Deleta
320 3693 362 3739 est
379 3702 395 3736 a
413 3680 443 3737 P.
458 3680 715 3754 Africauojuniore
773 3679 790 3738 5
810 3683 883 3737 Nam
908 3684 938 3740 L.
961 3679 1116 3739 Cornelius
1138 3678 1218 3736 Sulla
1239 3677 1277 3734 ab

199 3773 274 3808 auno
295 3755 330 3813 U.
353 3756 386 3816 C,
407 3757 470 3832 607.
752 3757 832 3813 initio
860 3758 994 3834 publicae
1023 3757 1153 3813 utilitatis
1187 3774 1275 3812 cause

219 3846 234 3883 2
257 3830 330 3899 Quia
346 3832 538 3907 corruptionis
556 3840 669 3888 m‘orum
686 3845 714 3888 et
752 3853 768 3886 a
789 3854 835 3890 ere
863 3835 1037 3902 videbatur,
1057 3832 1125 3889 inde
1145 3832 1276 3907 Rempu·

198 3901 490 3981 indeproscriptionis
501 3929 616 3965 caussae
626 3909 714 3966 fuere.
753 3855 859 3966 blicam
879 3911 1049 3984 occupavit,
1077 3907 1277 3987 tyrannidem-

216 3976 233 4032 3
254 3980 378 4054 Legibus
388 3982 422 4038 de
443 3986 552 4042 ambitu
570 3998 598 4042 et
610 3984 645 4041 dc
662 4006 713 4063 pe·
753 4007 810 4059 que
830 3985 861 4040 in
881 3987 956 4042 cives
976 3987 1123 4041 Romanos
1135 3983 1274 4041 exercuit.

181 4054 288 4120 ,cuniis
307 4059 480 4135 repetundis.
753 4062 797 4118 De
818 4083 851 4120 co
872 4063 912 4120 sic
933 4062 1031 4119 scribit
1051 4061 1115 4124 Vol.
1127 4063 1201 4119 llax.
1216 4059 1233 4118 l.
1247 4078 1274 4134 9.
