2888 4748
251 311 319 385 ire

248 437 300 517 de
326 437 438 519 lactis
459 447 662 542 ageretur,
684 444 787 540 quac
807 430 990 540 pluribus
1017 445 1134 511 antea
1161 434 1336 517 saeculis

243 587 488 673 evenerant?
509 584 591 662 Hoc
620 580 817 692 judicium
839 610 888 659 ex
909 581 1062 660 difficili
1092 599 1174 667 arte
1201 588 1333 694 profe.

244 751 357 816 ctum
384 734 645 822 arbitramur,
672 730 794 837 quam
823 727 943 808 callet
973 731 1212 827 Sallustius,
1241 764 1328 842 per·

245 879 442 964 suadendi
462 907 503 957 se
523 905 616 960 vera
637 905 795 985 semper
821 896 863 958 et
890 879 966 959 fide
998 879 1115 986 digna
1137 909 1330 965 enarrare.

243 1032 380 1114 Potest
412 1055 718 1137 nonnumquam
752 1006 941 1139 scriptor,
974 1031 1070 1110 lieet
1104 1036 1331 1139 ingenuus,

243 1176 418 1262 mendax
429 1178 572 1271 rideri,
588 1180 682 1285 quia
694 1177 840 1262 veritas
855 1180 940 1284 ipsa
957 1178 1130 1259 colorem
1152 1181 1331 1289 aliquan-

245 1329 298 1409 do
318 1345 358 1410 et
378 1331 552 1436 speciem
572 1324 707 1406 induit
730 1324 955 1428 mendacii3
976 1345 1016 1408 at
1040 1357 1154 1437 sagax
1172 1329 1329 1411 histori-

136 1516 168 1540 ν
244 1505 315 1559 cus
339 1476 460 1558 fidem
489 1505 583 1558 suae
610 1479 829 1556 narrationi
868 1478 1047 1576 obtinet,
1082 1480 1331 1590 probabilem

245 1654 422 1736 veroque
442 1626 615 1705 similem
634 1625 816 1706 reddens.

292 1776 501 1884 Quidquid
523 1776 734 1856 Sallustius
755 1775 923 1871 adserat,
944 1803 1088 1884 genere
1105 1778 1176 1857 illo
1193 1777 1329 1858 dieen-
1409 1756 1413 1761 ’

242 1926 314 2021 di,
345 1952 425 2033 quo
454 1926 606 2018 utitur,
633 1924 761 2004 libero
792 1941 833 2004 et
866 1924 1064 2034 simplici,
1098 1943 1138 2006 et
1166 1930 1199 2006 si
1229 1928 1331 2034 quid

244 2087 440 2182 exponat,
462 2070 572 2179 quod
590 2073 658 2154 vix
685 2069 795 2150 credi
823 2074 971 2179 possit,
993 2096 1058 2151 eas
1090 2097 1228 2151 omnes
1255 2075 1330 2152 eir·

243 2222 502 2304 constantias
521 2220 621 2312 fert,
643 2219 789 2326 quibus
816 2219 1033 2304 verisimile
1061 2218 1253 2314 habetur,
1274 2236 1331 2299 at·
1440 2307 1443 2313 q

245 2397 324 2485 que
346 2395 507 2447 omnem
532 2382 667 2446 nostro
681 2395 731 2446 ex
744 2370 876 2447 animo
898 2370 1167 2477 suspicionem
1187 2369 1332 2462 aufert,

243 2546 286 2604 se
306 2535 377 2598 aut
396 2544 569 2611 errasse,
590 2532 659 2595 aut
677 2545 750 2596 nos
771 2515 955 2625 decipere
976 2518 1163 2599 voluisse.

297 2668 435 2768 Quum
456 2665 609 2774 aliquid
628 2667 703 2744 sibi
730 2656 812 2744 non
840 2669 933 2745 satis
965 2683 1025 2746 est
1055 2656 1333 2775 compertum,

244 2819 468 2899 utiterum
486 2841 570 2893 non
590 2813 723 2906 tradit,
737 2814 808 2893 sed
821 2814 990 2896 dubium
1004 2814 1214 2922 relinquit:
1228 2817 1275 2896 N
1274 2844 1334 2906 os,

245 2967 381 3073 inquit
403 2987 433 3058 ¹,
447 2991 532 3041 eam
543 2989 626 3042 rem
645 2970 687 3040 in
706 2965 831 3043 medio
844 2947 1125 3071 relinquemus:
1141 2980 1182 3043 et
1193 2963 1333 3071 paullo

250 3132 342 3226 post
361 3134 397 3195 22
416 3114 528 3192 nobis
548 3143 594 3192 aa
614 3142 678 3193 res
691 3144 769 3222 pro
787 3117 1051 3217 magnitudine
1063 3141 1207 3220 porum
1230 3142 1337 3190 coms

251 3283 366 3372 perta
392 3282 456 3343 est.
477 3263 568 3344 Alio
594 3263 709 3359 loco,
730 3283 941 3374 postquam
962 3263 1124 3342 dixisset
1145 3263 1290 3369 quihus
1311 3289 1334 3338 e
1389 3352 1392 3356 ¹

249 3417 524 3502 monumentis
553 3441 665 3495 suam
689 3417 956 3493 narrationem
977 3412 1212 3503 deduxerit,
1243 3411 1334 3488 sub·
1401 3394 1409 3420 l

251 3565 333 3648 dit:
357 3567 540 3646 Ceterum
556 3569 715 3679 fides}
679 3597 700 3645 e
720 3593 764 3669 us
786 3576 985 3674 reipsum
1009 3581 1189 3643 auctores
1210 3560 1333 3639 erit3

253 3715 469 3826 Scriptori,
491 3719 563 3824 qui
592 3744 635 3802 se
663 3597 842 3809 adstatis
863 3715 961 3795 adeo
981 3713 1204 3794 studiosum
1225 3707 1334 3790 exhi·

273 3951 382 4031 :Peg
404 3955 459 4022 28,
477 3953 497 4017 l.
521 3972 564 4016 rr.
833 3952 942 4035 3Pag.
963 3950 1054 4032 85,1.
1078 3969 1124 4034 ¹9·
1217 3920 1220 3928 ¹

275 4028 383 4111 stag
405 4027 460 4105 32,
478 4030 498 4094 l.
537 4050 563 4093 a
612 4087 614 4097 ,
1055 4064 1056 4068 =
