2888 4748
256 361 320 424 rob
546 352 582 416 C.
608 347 756 417 CRISPl
781 344 1024 415 SALLUSTll

248 503 340 571 annis
356 504 501 567 'Romae
523 515 612 566 ortus
638 512 685 565 est
708 499 774 565 otio
798 511 893 587 atque
916 496 1111 563 abundantia
1134 518 1245 567 earum
1266 513 1316 570 rei

247 633 337 690 rum,
360 633 442 700 quae
464 608 567 701 prima
589 606 737 673 mortales
752 606 883 672 ducunt.
900 605 981 670 Nam
996 620 1069 672 ante
1086 605 1315 698 Carthaginem

247 717 400 798 deletam,
422 716 562 807 populus
581 729 612 780 et
631 729 758 780 senatus
774 715 939 779 Romanus
960 713 1086 804 placide
1109 714 1316 806 modesteque

246 824 329 889 inter
352 848 386 889 se
408 822 652 912 Rempublicam
674 821 877 886 tractabant:
901 843 1005 909 neque
1035 820 1183 909 gloriae,
1210 846 1316 913 neque

245 931 473 997 dominationis
498 944 657 994 certamen
680 929 763 994 inter
786 928 865 995 civis
888 942 981 993 erat:
1005 943 1108 994 metus
1131 927 1257 996 hostilis
1278 931 1314 996 in

244 1039 338 1103 bonis
354 1038 475 1102 artibus
490 1037 649 1102 civitatem
664 1036 827 1102 retinebat.
852 1034 916 1099 sed
931 1034 988 1098 ubi
1003 1035 1058 1099 illa
1074 1034 1210 1101 formido
1226 1060 1314 1102 men·

243 1145 330 1212 tibus
346 1143 510 1221 discessit3
526 1142 647 1208 scilicet
667 1165 723 1224 ea,
737 1166 820 1233 quae
835 1141 992 1207 secundae
1015 1166 1065 1209 res
1089 1157 1207 1224 amant,
1221 1143 1313 1209 lasci-

242 1253 296 1320 via
319 1266 414 1340 atque
439 1242 587 1340 superbia
609 1252 775 1336 incessere.
800 1249 868 1330 Ita,
883 1249 971 1339 quod
993 1250 1027 1313 in
1051 1248 1194 1315 advorsis
1217 1251 1313 1316 rebus

242 1373 452 1450 optaverunt,
476 1359 576 1424 otium
599 1373 769 1448 postquam
793 1355 900 1446 adepti
932 1371 1023 1438 sunt,
1051 1357 1196 1447 asperius
1227 1380 1312 1422 acer·

225 1539 228 1547 Ι
241 1465 379 1555 binaque
395 1454 464 1530 fuit.
481 1466 626 1553 Namque
641 1489 773 1556 coepere
788 1464 938 1529 nobilitas
954 1463 1155 1552 dignitatem,
1170 1464 1311 1554 populus

155 1572 158 1577 ’
241 1572 420 1639 libertatem
435 1571 446 1594 ¹
460 1573 493 1638 in
510 1571 676 1637 libidinem
691 1587 813 1639 vertere
832 1597 840 1635 :
865 1571 926 1635 sibi
941 1572 1078 1660 quisque
1099 1571 1235 1652 ducere,
1250 1586 1312 1636 tra-

240 1679 328 1761 here,
351 1703 472 1770 rapere.
496 1681 545 1744 Ita
569 1681 675 1744 omnia
690 1680 725 1744 in
739 1678 819 1744 duas
834 1679 933 1769 partis
953 1679 1109 1744 abstracta
1125 1693 1218 1744 sunt:
1234 1679 1312 1744 Res-

240 1787 389 1878 publica,
413 1811 496 1877 quae
511 1787 614 1852 media
629 1786 748 1867 fuerat,
764 1785 941 1851 dilacerata.
968 1786 1138 1851 Caeterum
1161 1786 1310 1853 nobilitas

240 1893 379 1959 factione
402 1895 502 1982 magis
525 1894 665 1982 pollebat
678 1899 707 1958 ³:
723 1893 826 1985 plebis
840 1893 907 1972 vis,
923 1893 1027 1957 soluta
1043 1907 1138 1983 atque
1153 1893 1315 1982 dispersa,
1356 1880 1363 1891 ⁸
1422 1888 1423 1891 '

240 1999 275 2064 in
290 2001 495 2066 multitudine
511 2000 616 2065 minus
631 2015 781 2088 poterat:
804 2022 982 2091 paucorum
1006 1999 1137 2064 arbitrio
1160 1999 1236 2063 belli
1256 1999 1311 2064 do·

240 2108 349 2197 mique
365 2109 550 2196 agitabatur.
568 2107 670 2172 Penes
685 2108 813 2173 eosdem
828 2108 1005 2188 aerarium,
1028 2105 1231 2198 provinciae,
1245 2129 1309 2170 ma-

240 2214 417 2304 gistratus,
449 2215 568 2303 gloriae
604 2214 824 2305 triumphique
861 2229 983 2280 erant:
1020 2214 1161 2304 populus
1198 2213 1311 2278 militia

240 2337 337 2411 atque
360 2322 469 2413 inopia
492 2322 680 2410 urgebatur3
695 2320 828 2411 praedas
851 2321 981 2387 bellicas
1005 2323 1211 2411 imperatores
1235 2343 1310 2385 cum

240 2429 353 2518 paucis
377 2429 576 2519 diripiebant.
602 2430 728 2497 Interea
750 2444 916 2521 parentes,
945 2443 1001 2493 aut
1023 2427 1114 2517 parvi
1136 2427 1230 2492 liberi
1252 2427 1312 2491 mi·

240 2535 352 2616 litum,
374 2536 423 2600 uti
446 2536 582 2625 quisque
604 2537 777 2626 potentiori
800 2535 935 2602 confinis
959 2551 1037 2616 erat,
1060 2534 1189 2600 sedibus
1212 2534 1311 2623 pelle·
1368 2524 1372 2530 ’

237 2641 364 2706 bantur.
381 2642 429 2707 Ita
449 2666 522 2708 cum
541 2645 708 2733 potentia,·
725 2644 858 2710 avaritia
881 2645 949 2708 sine
972 2642 1066 2708 modo
1090 2640 1310 2730 modestiaque

240 2746 413 2828 invadere,
436 2751 579 2838 polluere
602 2767 635 2818 et
657 2766 781 2817 vastare
812 2751 946 2828 omnia,
973 2751 1054 2816 nihil
1084 2747 1175 2839 pensi
1206 2769 1311 2835 neque

241 2849 371 2916 sancti⁴
392 2853 526 2953 habere,
550 2859 656 2944 quoad
679 2874 777 2924 semet
799 2859 870 2949 ipsa
893 2857 1122 2948 praecipitavit.
1148 2855 1229 2918 Nam
1253 2853 1310 2917 ubi

241 2958 382 3048 primum
398 2985 435 3026 ex
450 2962 614 3028 nobilitate
638 2965 754 3055 reperti
777 2981 871 3046 sunt,
896 2966 952 3054 qui
976 2986 1083 3032 veram
1105 2959 1238 3051 gloriam
1261 2959 1309 3023 in·

242 3068 345 3147 justae
367 3069 527 3157 potentiae
551 3085 777 3160 anteponerent
790 3085 820 3150 6;
842 3071 963 3138 moveri
979 3070 1090 3135 civitas
1105 3081 1137 3133 et
1151 3065 1308 3132 dissensio

195 3154 202 3172 ⁵
244 3171 364 3254 civilis,
387 3177 479 3264 quasi
502 3179 668 3266 permixtio
692 3195 794 3245 terrae
808 3177 837 3261 ⁶,
861 3178 938 3246 oriri
961 3175 1074 3267 eoepit

266 3443 278 3477 r
301 3423 429 3482 Scilicet:
442 3430 520 3486 Ante
532 3433 638 3488 bellum
647 3441 757 3512 Jugur.
794 3438 854 3505 bat,
863 3438 974 3495 nobiles
983 3424 1170 3510 senatumque
1178 3429 1309 3490 vexabat·

242 3499 365 3556 atinum.-
378 3522 450 3558 nam
468 3505 540 3561 illud
551 3510 624 3565 inter
644 3526 671 3568 et
685 3516 757 3570 Car·
814 3513 832 3569 3
852 3514 920 3570 Ideo
931 3516 997 3591 plus
1030 3509 1199 3584 oterat‚quia
1209 3506 1310 3560 animis

243 3576 389 3650 thagmem
424 3579 546 3651 deletam
578 3585 759 3651 intercedunt
797 3589 954 3664 studiisque
965 3535 1073 3645 iisdirm.

245 3650 370 3711 a¹¹11i35·
812 3663 1105 3734 lpDicitursanctum
1139 3652 1308 3712 uodlehrl

264 3745 280 3781 2
305 3728 465 3799 Nobilitas,
495 3735 588 3810 specu
613 3731 757 3812 dignitatis
794 3679 1304 3814 nefasescueretigi0‚files‚iust¹'tie

241 3807 461 3878 perservandae,
468 3808 696 3880 dominationem,
709 3836 756 3872 su·
814 3815 830 3874 5
850 3817 888 3872 Ut
899 3816 1051 3892 plebemin
1059 3810 1207 3889 pristinam
1218 3805 1306 3860 liber·

245 3879 386 3949 coubiarn,
398 3885 591 3942 crudelitatem
606 3889 635 3943 in
643 3890 758 3964 plebem
795 3905 881 3948 tatem
892 3893 1080 3949 restituerent.

246 3956 410 4013 exercebat:
433 3961 559 4035 populus
582 3962 701 4020 honesto
723 3967 756 4021 li·
812 3972 831 4026 6
852 3970 926 4023 Cum
937 3967 1053 4041 reliquis
1065 3959 1220 4027 elementis,
1229 3954 1306 4020 1¹¹¹th

244 4025 361 4093 bertatis
369 4037 482 4095 nornine
492 4039 641 4101 seditiones
649 4045 753 4103 excita·
792 4047 918 4116 conlusio
929 4058 957 4102 et
968 4062 1065 4124 pugna
1076 4036 1217 4098 intestina.
