2888 4748
395 304 704 379 COMPENDIUM
728 300 1015 371 ntsromcott
1177 326 1240 394 ¹77

181 462 255 533 'dem
277 462 437 555 copiosior
451 477 518 528 erat
533 466 724 528 sectatorum
739 468 907 537 numerus,
923 455 978 521 sed
993 453 1049 544 qui
1063 473 1177 542 parum
1192 453 1241 516 illi

126 629 128 633 .
183 570 396 651 confiderent,
419 570 537 660 quippe
561 591 656 657 quem
677 567 776 654 magis
799 578 885 645 astu,
907 586 1004 652 quam
1024 562 1141 628 virtute
1161 560 1239 657 rali-

183 679 260 743 dum
276 676 502 742 existimabant.
527 673 669 764 Lepidus
684 673 732 738 uti
746 695 810 737 uno
830 671 897 735 ictu
920 669 1067 736 adversae
1090 665 1239 731 factionis

186 786 252 852 vim
274 784 479 872 infringeret,
502 782 604 870 legem
624 778 852 899 promulgavit,
870 800 955 866 qua,
978 775 1074 839 simul
1095 774 1238 861 antiqua·
1268 815 1270 819 ·

184 890 226 955 tis
251 891 399 956 omnibus
422 889 494 954 latis
518 912 537 951 a
567 888 675 969 Sulla,
704 880 873 976 proscripti
903 883 936 947 in
959 881 1094 972 patriam
1115 901 1244 946 revoca-

184 1011 313 1078 rentur,
336 997 387 1061 his
410 995 611 1088 magistratus
635 993 841 1059 redderentur
863 1004 895 1055 et
916 990 1000 1055 bona
1009 1001 1171 1078 ,potestas
1186 984 1242 1050 tri-

185 1102 348 1167 bunicia
339 1125 373 1166 ιιι
394 1100 567 1220 pristinum
583 1100 781 1190 splendorem
797 1097 1080 1218 auctoritatemque
1100 1086 1242 1157 restitue·

185 1223 293 1288 retur,
318 1207 423 1273 omnia
439 1207 608 1296 denique
599 1230 687 1290 Jura,
702 1206 823 1297 quibus
837 1226 894 1294 per
908 1202 1059 1287 injuriam
1074 1224 1093 1264 a
1108 1215 1244 1293 tyranno

187 1313 296 1381 luerat
311 1329 433 1394 exutus,
448 1336 577 1378 rursum
591 1312 711 1402 populo
726 1312 950 1375 tribuerentur.
967 1305 1161 1391 Huiusmodi
1176 1305 1245 1394 qui-

188 1419 261 1488 dem
282 1419 333 1484 lex
356 1421 474 1504 injusta
497 1418 608 1487 haberi
631 1441 696 1483 non
712 1431 851 1507 poterat3
867 1413 1123 1505 quandoquidem
1140 1404 1247 1495 sitta,

186 1549 289 1616 quum
312 1525 459 1597 inimicos
483 1549 557 1590 suos
585 1524 840 1616 proscripsisset,
867 1522 954 1613 ipsos
978 1530 1150 1610 eorumque
1169 1513 1246 1606 'hae-

189 1631 283 1698 redes
312 1632 449 1698 fortunis
486 1631 677 1721 spoliasset,
714 1630 832 1710 nimis,
870 1642 907 1695 ut
944 1630 1094 1696 omnibus
1121 1627 1248 1703 videba-

189 1751 261 1817 tur,
283 1737 455 1804 insolenter
478 1760 555 1803 usus
579 1750 646 1803 erat
668 1735 825 1814 victoria3
853 1734 909 1801 sed
937 1759 975 1800 ex
998 1735 1133 1810 adverso,
1152 1728 1248 1802 civile

188 1844 309 1909 bellum
332 1858 416 1909 certe
439 1843 667 1924 recruduisset,
691 1843 718 1906 si
742 1865 759 1906 c
780 1841 1033 1931 proscriptorum
1054 1839 1146 1905 bonis
1169 1840 1247 1908 novi

189 1971 388 2040 possessores
411 1948 611 2037 pellerentur.
638 1948 712 2014 Alte
727 1947 849 2040 hiantia
873 1961 904 2012 et
926 1947 1100 2014 inveterata
1121 1944 1248 2037 imperii

188 2054 324 2122 vulnera
347 2055 472 2141 quiete,
495 2073 560 2118 non
583 2054 792 2121 medicamine
821 2054 961 2120 curanda
985 2067 1066 2120 sunt.
1090 2053 1248 2138 Verunta·
1276 2084 1279 2101 ι

190 2181 266 2226 men
290 2181 364 2226 cum
386 2159 502 2250 Lepidi
524 2160 576 2226 lex'
596 2161 947 2252 plerisqueproderat,
971 2176 1039 2231 tum
1062 2153 1249 2248 frequentis·

189 2266 310 2362 simus,
339 2288 376 2331 ea
404 2266 620 2356 promulgata,
648 2261 826 2360 populus
817 2292 852 2358 ιιι
880 2267 987 2353 sorum
1009 2265 1078 2333 eain
1100 2269 1249 2351 jussurus

189 2387 400 2439 convenerat:
415 2372 471 2439 sed
495 2374 630 2440 Catulus
654 2374 746 2440 firmo
762 2375 985 2463 constantique
1000 2375 1106 2438 animo
1126 2366 1250 2438 restitit.

148 2565 149 2569 Ἰ
192 2461 323 2548 Plebe
314 2501 348 2544 m
364 2479 443 2546 duas
458 2478 563 2569 partes
578 2480 719 2563 divisa,
710 2505 738 2545 rs
754 2495 842 2546 ortus
858 2495 905 2547 eat
924 2480 1096 2560 tumultus,
1119 2493 1156 2544 ut
1170 2479 1252 2546 solvi

175 2576 388 2652 ¹conventum
411 2607 541 2652 neeesse
561 2584 665 2652 fuerit
697 2587 823 2652 Interea
846 2586 988 2677 Lepidus
1012 2587 1065 2651 cui
1088 2587 1123 2649 in
1146 2585 1253 2671 animo

195 2705 263 2757 erat
284 2690 386 2782 legem
409 2690 514 2758 denuo
529 2715 723 2783 proponere,
745 2693 915 2759 factionem
937 2716 1027 2760 suam
1050 2692 1254 2758 corroborare

134 2887 136 2892 Ι
163 2796 339 2880 Ι,ιιιιιΙιιὶιε
366 2797 499 2864 Catulus
523 2821 560 2863 ex
581 2783 827 2889 proximioribus
850 2799 983 2867 coloniis
1001 2799 1149 2880 Sullanos
1172 2797 1255 2863 mili·

196 2919 244 2970 tes
268 2904 403 2970 Romam
426 2905 608 2988 arcessivit,
630 2907 696 2989 uti,
719 2907 747 2972 si
767 2927 847 2996 opus
867 2905 948 2973 foret
956 2907 1118 2995 ,collegae
1140 2905 1192 2970 sui
1208 2927 1256 2970 ar·

196 3011 283 3076 tibus
307 3035 394 3080 arma
410 3028 591 3102 opponeret.
607 3012 667 3078 His
683 3013 821 3078 motibus
840 3015 1007 3104 perculsus
1031 3026 1176 3093 senatus,
1191 3033 1255 3076 me·

195 3129 353 3206 tuensque
368 3141 408 3184 ne
424 3119 517 3187 civile
530 3119 651 3184 bellum
664 3121 907 3201 instauraretur,
922 3120 956 3184 in
972 3121 1093 3186 curiam
1107 3120 1258 3208 frequens

198 3223 355 3288 convenit.
373 3224 522 3312 Plerique
537 3240 643 3314 patres
666 3227 826 3291 malorum
847 3249 930 3314 quae
952 3250 990 3291 er
1003 3227 1258 3318 praeteritisdia·

199 3327 399 3393 sensionibus
415 3344 483 3395 orta
498 3330 634 3412 fuerant,
649 3355 814 3412 memores,
830 3333 918 3397 omni
933 3333 1039 3399 studio
1054 3349 1086 3401 et
1100 3358 1177 3400 cura
1192 3339 1259 3402 ani·

201 3454 328 3499 morum
351 3435 608 3518 conjunctionem
631 3439 926 3530 concordiamque
917 3463 951 3504 ιιι
972 3441 1052 3507 urbe
1072 3463 1259 3508 conservan-

202 3539 276 3604 dam
291 3563 359 3605 esse
375 3540 552 3607 censebant.
569 3543 595 3607 E
613 3559 723 3611 contra
740 3546 874 3612 Catulus
890 3547 1116 3613 incendium·
1086 3571 1139 3616 rur
1138 3560 1260 3638 ortum

202 3637 321 3737 Lepidi
350 3637 592 3738 ceterorumque
614 3651 762 3719 fectionis
785 3653 882 3719 coede
907 3619 1168 3753 restinguendum
1192 3677 1260 3720 esse
1327 3684 1329 3688 ’

204 3752 426 3820 arbitrabatur.
445 3755 581 3822 Senatus
596 3758 734 3828 decrevit
749 3775 785 3825 ut
807 3763 952 3826 consules
976 3749 1181 3845 jurejurando
1206 3760 1260 3825 ob·

205 3858 444 3948 stringerentur,
467 3886 507 3928 ne
523 3864 625 3931 alter
615 3889 649 3930 ru
672 3867 805 3933 alterum
827 3891 915 3932 arma
938 3883 1078 3959 caperet,
1108 3882 1202 3956 atque
1224 3881 1261 3932 ut

205 3977 338 4054 uterque
361 3969 464 4038 Roma
485 3968 591 4041 abiret.
623 3973 755 4053 ,sortitis
777 3975 969 4067 provinciis,
1000 3975 1124 4065 Lepido
1156 3974 1261 4042 Callia

252 4095 279 4141 Υ.
304 4096 326 4139 1.
816 4129 817 4132 ,
1042 4106 1080 4148 12
