2888 4748
503 284 531 404 j
599 303 753 375 vrrs
1195 295 1219 378 t
1304 366 1312 384 .

99 539 102 543 p
130 455 346 538 luxus,libido
363 451 615 553 dominarentur.
628 456 702 539 Quo
715 474 824 522 rerum
839 468 923 521 statu
939 454 1121 545 paullulum
1134 470 1217 525 aeta·

84 629 91 639 s
130 595 163 648 te
186 559 359 671 provectus
386 577 560 646 Sallustius
578 578 715 646 Romam
739 601 758 643 a
781 591 872 668 patre
895 578 1012 644 missus
1036 577 1218 659 studiorum

132 727 232 771 eausa
255 703 325 769 suit.
351 701 470 793 Rigida
497 701 693 769 Sabinorum
716 701 902 792 disciplina,
927 700 1102 790 eorumque
1125 699 1216 772 rudia

129 827 330 918 agrestisque
353 825 443 917 regio
468 799 631 916 quandam
653 825 703 890 illi
727 824 931 915 asperitatem
953 811 1217 916 severitatemque

129 950 334 1032 indiderant,
351 972 415 1040 qua
431 964 600 1043 corruptos
617 949 755 1018 civitatis
772 972 877 1016 mores
894 948 1107 1017 aversabatur.
1124 947 1218 1038 lpse,

129 1087 168 1141 ut
190 1074 337 1165 plerique
353 1087 432 1142 tuno
448 1073 603 1164 temporis
620 1072 858 1154 adolescentes,
882 1072 970 1137 baud
982 1073 1091 1158 ferme
1115 1072 1214 1139 armis

127 1213 227 1286 utque
252 1200 342 1284 equis
366 1221 481 1284 corpus
507 1199 668 1276 exercuit,
691 1196 749 1262 sed
763 1199 906 1262 animum
923 1198 956 1261 in
973 1197 1075 1261 literis
1091 1218 1130 1259 cc
1143 1193 1215 1285 pbi-

129 1322 295 1407 iosephio3
312 1322 398 1408 quod
421 1336 540 1386 natum
553 1320 673 1407 firmus
697 1335 780 1401 erat,
797 1321 838 1388 ‚in
862 1319 1024 1385 laboribus
1049 1318 1162 1383 babuit
1189 1325 1217 1397 ¹,-

130 1445 192 1510 hac
217 1460 282 1510 arte
308 1444 368 1510 sibi
393 1443 434 1511 etl
458 1444 671 1534 Reipublicae
694 1466 829 1510 munera
851 1443 974 1508 aditum
997 1441 1124 1509 facilem
1148 1441 1217 1511 fore

130 1567 305 1636 confidens.
324 1567 469 1649 Interea,
485 1568 590 1634 Mario
607 1592 681 1636 eum
697 1567 835 1634 factione
859 1590 916 1633 sua
940 1589 1105 1657 oppresso,
1124 1565 1215 1633 Sulla

101 1767 105 1774 ‚
130 1715 240 1763 rerum
262 1691 428 1758 dictatoris
452 1691 583 1759 nomine
599 1692 722 1782 potitus
739 1705 825 1770 erat,
848 1690 1086 1780 tribuniciaque
1110 1704 1216 1780 potcs-

130 1831 196 1885 tete
218 1838 321 1907 poene
339 1815 490 1906 abrogata
508 1815 691 1882 omnimode
714 1813 841 1904 plebem
864 1813 1043 1898 dejecerat,
1065 1813 1214 1878 nobilita-

130 1953 260 2028 temque
277 1952 431 2006 evexerat.
450 1937 646 2017 Sallustius,
669 1937 735 2004 sive
753 1935 840 2026 quod
854 1936 980 2028 plebeja
996 1951 1091 2026 gente
1108 1951 1220 2010 ortum

131 2061 285 2141 duxerat,
309 2061 376 2127 sive
398 2029 486 2150 quod
504 2074 620 2128 natura
636 2057 723 2126 ferus
743 2041 919 2126 nobilitatis
935 2060 1149 2150 arrogantiam
1166 2059 1216 2124 iu·

130 2184 228 2275 digne
251 2182 369 2265 ferret,
391 2183 496 2273 plebis
526 2198 633 2274 partes
662 2198 792 2250 secutus
817 2199 872 2250 est.
898 2183 1007 2273 Atque
1030 2182 1128 2248 adid
1151 2182 1214 2247 for·

132 2322 217 2374 tasse
232 2307 379 2398 generosi
396 2330 470 2375 eum
488 2307 621 2397 spiritus
638 2307 812 2396 praecipue
828 2306 1036 2398 impulerunt,
1055 2304 1141 2395 quod
1156 2326 1214 2394 po·

131 2430 248 2521 pulum
263 2431 385 2498 videret
402 2430 562 2514 abjectum
579 2443 611 2509 et
627 2429 760 2493 tacitum
776 2427 809 2496 vi
824 2427 1042 2516 potentiorum
1057 2426 1216 2517 opprimi,

132 2553 191 2644 qui
214 2553 266 2618 vel
292 2552 383 2618 Sulla
400 2566 539 2632 mortuo,
557 2551 635 2616 dum
657 2551 741 2616 latae
765 2552 806 2616 ab
830 2573 868 2616 eo
890 2551 977 2641 leges
999 2549 1106 2617 adhuc
1128 2551 1215 2641 vige·

122 2653 215 2757 rent,
232 2674 315 2741 nihil
329 2674 368 2741 de
382 2673 678 2765 pristinajactantia
693 2662 1088 2766 remittebantlmpatiens
1105 2675 1214 2765 itaque

131 2813 269 2866 aetatem
293 2797 479 2888 expectabat
508 2798 549 2863 ad
576 2799 789 2888 capessendos
818 2800 956 2866 honores
985 2800 1153 2880 idoneam,
1177 2814 1214 2864 ut

131 2923 283 2990 adversae
306 2921 439 2989 sectioni
463 2921 649 3004 obsisteret,
671 2922 863 3014 plebemque
887 2926 1044 3008 jacentem
1067 2923 1221 3012 erigeret«

133 3045 267 3111 Interim
282 3045 371 3111 adid
386 3045 531 3111 animum
548 3059 579 3111 et
596 3027 740 3112 studium
756 3047 924 3128 convertit,
943 3061 997 3127 ut,
1013 3046 1131 3135 quibus
1147 3068 1214 3111 ma·

131 3168 216 3235 xime
238 3168 364 3258 legibus
391 3183 489 3235 staret
512 3168 730 3260 Respublica,
754 3193 836 3260 quae
860 3183 943 3236 esset
964 3168 1133 3236 hominum
1163 3169 1215 3235 sui

131 3289 287 3381 temporis
301 3290 650 3380 praestantissimorum
665 3306 781 3359 natura
799 3316 836 3358 ae
852 3293 1022 3374 voluntas,
1045 3307 1077 3358 et
1094 3293 1213 3383 quibus

133 3413 264 3481 secretis
288 3413 414 3496 causis,
438 3437 520 3504 quae
537 3415 713 3508 praecipua
728 3417 761 3480 in
779 3416 913 3482 historia
929 3431 1099 3483 narrantur
1116 3414 1212 3496 facta,

134 3551 207 3603 orta
234 3535 372 3618 fuerint,
396 3535 541 3626 diligenti
570 3537 814 3628 investigatione
843 3554 1056 3629 cognosceret
1088 3539 1213 3606 Verum

133 3683 210 3730 eum
225 3675 360 3727 aetatem
377 3659 549 3749 attigisset,
565 3683 630 3750 qua
645 3661 818 3743 ferventior
839 3677 962 3728 aestuat
983 3661 1213 3741 adolescentia,

134 3805 240 3873 neque
254 3804 381 3853 morum
396 3782 542 3873 gravitas*
552 3797 584 3848 et
597 3807 680 3875 pene
695 3784 800 3852 dicam
815 3785 997 3868 rusticitas,
1014 3807 1119 3876 neque
1142 3806 1212 3885 gra·

160 4029 171 4066 ι
196 4010 277 4071 Orat.
298 4013 334 4072 ll.
353 4013 390 4069 ad
408 4015 522 4075 caesar.
536 4013 572 4073 de
585 4015 657 4092 llep.
678 4012 739 4074 orel.
