2888 4748
508 522 847 632 EPISTOLA

336 791 544 914 'REGIS
582 786 997 870 MITHRIDATIS

512 1084 580 1153 ao
617 1083 847 1153 ansaccu
874 1059 885 1084 ¹

427 1335 590 1376 HGEM
630 1332 938 1375 PARTHORUM

189 1575 332 1690 LRnx
357 1641 575 1686 arrarrnrrss
602 1644 675 1684 ascr
693 1641 808 1685 ansani
835 1641 858 1683 s.
882 1613 1084 1708 omnesqui
1108 1640 1220 1685 secun·

142 1728 193 1794 dis
216 1729 312 1795 rebus
338 1729 404 1794 suis
429 1728 469 1793 ad
493 1727 569 1791 belli
586 1728 770 1791 societatem
786 1738 934 1806 orantur,
950 1726 1151 1793 considerare
1167 1727 1221 1794 de·

143 1837 239 1917 hant,
261 1837 357 1902 liceat
380 1859 421 1900 ne
445 1848 520 1900 tum·
538 1856 652 1923 paoem
679 1855 780 1921 agere.
807 1833 894 1896 Dein
923 1831 1011 1921 quod
1034 1834 1220 1922 quaeritur,

143 1945 277 2008 satisne
299 1944 410 2032 pium,
434 1955 562 2020 tutum,
582 1935 777 2029 gloriosum,
799 1963 840 2005 an
863 1940 1051 2005 indecorum
1074 1941 1123 2005 sit.
1143 1940 1219 2006 Tibi

142 2065 299 2141 perpetua
314 2072 393 2139 pace
408 2048 474 2113 frui
490 2047 612 2129 liceret,
622 2048 684 2113 nisi
700 2048 808 2114 hostes
824 2048 1000 2139 opportuni
1016 2063 1048 2113 et
1063 2049 1219 2113 scelestis·

143 2159 236 2222 sumi.
261 2156 397 2246 Egregia
419 2155 522 2237 fama,
546 2156 574 2222 si
596 2157 760 2222 Romanos
785 2158 1005 2247 oppresseris,
1028 2156 1138 2222 futura
1160 2168 1217 2220 est.

141 2263 256 2355 Neque
270 2280 379 2357 petere
395 2265 531 2331 audeam
547 2265 748 2346 societatem,
764 2280 796 2330 st
814 2265 933 2330 frustra
953 2265 1037 2329 mala
1057 2285 1127 2328 mea
1143 2284 1220 2328 oum

141 2372 206 2438 tuis
222 2374 315 2439 honis
332 2373 461 2439 misceri
477 2395 609 2463 sperem.
634 2371 738 2460 Atqui
760 2395 815 2452 ea,
839 2395 922 2461 quas
942 2387 974 2437 tc
989 2372 1108 2436 morari
1123 2393 1219 2461 posse

141 2480 303 2562 videntur,
319 2481 368 2544 ira
383 2482 417 2545 in
435 2481 623 2569 Tigranem·
638 2479 776 2545 recentis
792 2479 869 2544 hclli
885 2495 916 2545 et
932 2502 1021 2544 meae
1036 2501 1087 2543 res
1102 2499 1220 2568 parurn

141 2611 332 2678 prosperae,
348 2587 376 2653 si
392 2611 468 2656 vera
484 2602 661 2653 aestumare
677 2589 784 2670 voles,
799 2611 947 2653 maxume
962 2586 1188 2652 hortabuntur.

190 2695 233 2759 11.
259 2695 318 2760 Ille
334 2696 421 2760 enim
437 2696 610 2777 obnoxius,
634 2696 762 2785 qualem
784 2711 820 2762 tu
839 2696 946 2776 voles,
969 2694 1153 2760 societatem
1170 2716 1219 2759 ac·

140 2801 258 2894 cipiet:
275 2803 355 2868 mihi
371 2805 521 2886 fortuna,
537 2804 649 2869 multis
664 2803 761 2870 rebus
777 2804 907 2895 ereptis,
921 2823 1020 2870 usum
1035 2801 1122 2867 dedit
1138 2802 1222 2868 hene

142 2912 319 2978 suadendi:
336 2927 378 2994 et,
394 2912 482 3004 quod
497 2912 685 2979 florentibus
703 2913 842 3003 optabile
857 2928 917 2994 est,
933 2936 991 3003 ego
1008 2934 1074 2976 non
1089 2909 1218 2978 validis·

143 3018 398 3112 simus'praeheo
415 3020 615 3112 exemplum,
632 3045 696 3112 quo
712 3021 832 3087 rectius
847 3035 904 3087 tua
923 3041 1106 3110 componas.
1123 3017 1221 3082 Nam·

142 3151 206 3216 que
235 3129 410 3210 Romanis,
439 3152 515 3195 cum
538 3130 743 3211 nationibus,
766 3128 917 3220 populis,
939 3128 1069 3217 regibus
1093 3123 1220 3205 cunctis
1244 3189 1247 3194 .

52 3245 55 3265 '
142 3257 207 3300 una
225 3248 255 3298 et
270 3257 307 3298 ea
322 3251 414 3301 retus
430 3259 544 3301 caussa
559 3237 701 3300 bellandi
717 3251 783 3318 est,
803 3237 921 3326 cupido
937 3234 1100 3327 profunda
1120 3233 1219 3323 impe·

135 3341 185 3407 rii
200 3355 232 3409 et
247 3340 452 3408 divitiarum:
471 3368 534 3432 qua
558 3344 700 3434 primum
716 3367 791 3409 cum
812 3367 886 3434 rege
910 3344 1127 3410 Macedonum
1142 3339 1219 3405 Phi·

143 3448 234 3540 lippo
250 3449 372 3516 beilum
386 3471 537 3525 sumsere.
554 3453 645 3518 Dum
661 3476 680 3517 a
698 3451 1017 3559 Carthaginiensibus
1031 3449 1218 3544 premeban-
1307 3491 1310 3494 >

165 3710 177 3747 1
206 3689 338 3751 Arsaces
368 3711 531 3758 commune,
559 3713 662 3771 regum
700 3698 767 3753 rico
789 3715 805 3752 a
825 3716 892 3774 pag.
916 3694 967 3767 184
987 3692 1100 3771 usq.ad
1120 3692 1215 3754 finem.

144 3765 322 3825 Parthorum
348 3790 478 3826 nornen:
507 3773 662 3848 proprium
721 3791 738 3828 a
760 3773 901 3848 Tigranes
912 3770 1011 3850 paullo
1023 3783 1088 3827 ante
1099 3768 1130 3826 id
1145 3783 1216 3828 tem·

143 3840 233 3917 hujus
252 3845 305 3901 fuit
324 3847 441 3904 Fraates
459 3846 580 3917 tertius,
607 3848 661 3903 Pa·
699 3866 757 3928 pus
777 3848 813 3905 dc
832 3849 914 3924 regni
938 3847 1045 3903 finibus
1071 3866 1137 3902 curn
1161 3849 1217 3902 Ar-

142 3920 207 3974 cori
226 3919 313 3994 primi
333 3921 417 3980 filius.
438 3922 517 3979 Haeo
542 3922 663 4000 epistola
701 3944 766 3983 sace
793 3935 968 3993 certaverat,
988 3935 1016 3980 ct
1043 3921 1217 3981 Parthorum

145 3993 306 4057 illustratur
317 4016 353 4057 ex
364 3999 549 4078 compendio
560 4003 662 4064 Histo-
688 4015 775 4082 *opes
793 3999 918 4063 mammo
936 4001 1092 4084 attriverat
