2888 4748
240 338 303 404 '152
539 332 574 396 e.
601 323 749 397 cntsnr
776 327 1016 414 snnnnsrn

237 491 329 554 diens
344 482 460 572 Ligus,
476 505 564 563 saxa,
588 498 619 548 et
642 483 669 547 si
693 508 775 572 qnae
798 499 952 551 vetustate
967 485 1090 550 radices
1106 484 1307 570 eminebant,
1362 510 1367 519 ·

236 595 363 685 laqueis¹
375 591 553 673 vinciebat,
577 591 694 680 quibus
711 592 846 658 adlevati
869 593 985 657 milites
1008 591 1135 658 facilius
1156 596 1304 660 escende-

236 718 324 770 rent:
348 699 508 763 interdum
531 697 659 763 timidos
674 698 843 763 insolentia
858 699 980 763 itineris
996 699 1102 766 levare
1117 720 1230 766 manu:
1247 703 1306 767 ubi

236 810 346 901 paullo
371 807 514 897 asperior
538 805 708 872 adscensus
733 821 817 885 erat,
842 806 983 896 singulos
1006 831 1083 897 prae
1097 831 1140 872 -se
1164 809 1308 873 inermos

236 920 381 995 mittere3
397 912 511 979 deinde
526 915 595 1002 ipse
618 935 693 977 cum
716 913 846 977 illorum
869 915 965 978 armis
982 915 1091 1003 sequi:
1108 939 1189 1003 qnae
1205 916 1305 980 dubia

236 1025 324 1092 nisui
339 1022 545 1100 videbantur,
560 1019 773 1109 potissumum
789 1035 929 1085 tentare:
955 1045 993 1086 ac
1016 1018 1145 1111 saepius
1160 1028 1168 1052 ¹
1193 1022 1304 1087 eadem

235 1130 432 1198 adscendens
452 1127 724 1214 descendensque,
748 1127 820 1191 dein
846 1129 951 1192 statim
973 1128 1170 1216 digrediens,
1190 1131 1304 1194 ceteris

236 1239 402 1306 audaciam
426 1235 548 1299 addere.
574 1233 676 1322 Igitur
700 1233 756 1298 diu
784 1235 986 1323 multumque
1010 1234 1153 1323 fatigati,
1175 1236 1305 1302 tandem

235 1349 270 1412 in
287 1344 451 1411 castellnm
466 1341 668 1431 perveniunt,
684 1340 843 1405 desertum
860 1342 899 1405 ab
916 1358 952 1406 ea
967 1356 1070 1430 parte3
1080 1343 1167 1431 quod
1183 1362 1308 1425 omnes,

235 1454 332 1520 sicuti
355 1450 425 1515 aliis
450 1449 577 1526 diebus,
601 1448 772 1514 advorsum
796 1447 904 1511 hostes
927 1447 1067 1514 aderant.
1085 1450 1227 1532 Marius,
1248 1452 1306 1515 nbi

231 1588 274 1627 *ex
297 1558 442 1638 nunciis,
466 1580 547 1644 quae
565 1555 665 1642 Ligus
689 1569 810 1642 egerat,
834 1556 999 1642 cognovit,
1020 1580 1214 1646 quamquam
1238 1573 1304 1623 tota

235 1669 287 1732 die
310 1668 448 1730 intentos
471 1663 593 1752 proelio
611 1661 764 1725 Numidas
781 1660 951 1741 habuerat,
967 1678 1036 1726 turn
1059 1688 1135 1730 vero
1159 1665 1304 1730 cohorte.
1356 1711 1358 1714 Α

202 1824 206 1832 .
232 1773 286 1840 tris
310 1774 442 1852 milites,
465 1771 588 1859 etipse
612 1783 698 1832 extra
721 1769 830 1860 vineas
855 1791 999 1856 egressus
1024 1771 1185 1835 testudine
1208 1777 1304 1836 acta'

231 1880 422 1959 succedere,
446 1892 477 1942 et
500 1877 597 1941 simul
620 1876 743 1940 hostem
767 1876 932 1939 tormentis
957 1885 968 1921 ³
996 1877 1248 1965 sagittariisque,
1271 1894 1304 1942 et

233 1985 449 2054 funditoribus
465 1984 589 2049 eminus
605 1999 731 2048 terrere.
745 1982 967 2063 Athmidae,
984 2005 1077 2072 saepe
1093 1999 1186 2049 antea
1200 1987 1304 2051 vineis

233 2097 453 2160 Romanorum
470 2092 640 2172 subversis,
656 2091 733 2157 ite'm
749 2091 903 2170 incensis,
919 2113 984 2154 non
1001 2091 1122 2156 castelli
1136 2095 1304 2181 moenibus

230 2226 302 2268 sese
331 2201 540 2277 tutabantnr3
570 2199 624 2263 sed
651 2223 710 2287 pro
738 2221 830 2261 muro
855 2198 924 2262 dies
960 2213 1132 2287 noctesque
1161 2202 1303 2289 agitare:

229 2309 420 2374 maledicere
436 2307 607 2387 Romanis,
631 2330 668 2370 ac
693 2305 797 2369 Mario
820 2305 1029 2371 vecordiam⁴
1051 2307 1227 2390 objectare3
1243 2310 1303 2373 mi-

232 2417 340 2481 litibus
364 2414 465 2479 nostri
488 2413 667 2502 Jugurthae
692 2400 856 2480 servitium
880 2414 1013 2492 minari3
1036 2414 1184 2479 secundis
1204 2416 1301 2479 rebus

230 2525 352 2588 feroces
367 2546 443 2588 esse.
461 2521 604 2602 Interim,
621 2509 773 2586 Romanis
790 2521 937 2587 omnibns
953 2521 1162 2610 hostibusque
1178 2522 1302 2611 proelio

230 2632 378 2711 intentis,
394 2652 508 2717 magna
524 2628 685 2717 utrimque
708 2629 757 2710 vi,
772 2653 831 2719 pro
855 2630 956 2718 gloria
972 2644 1067 2717 atque
1083 2630 1218 2719 imperio
1234 2630 1301 2710 his,

229 2737 294 2800 illis
318 2761 375 2825 pro
400 2738 501 2802 salute
525 2738 736 2818 certantibus,
760 2725 890 2827 repente
915 2761 933 2800 a
956 2751 1044 2826 tergo
1061 2737 1300 2825 signa'canere:

230 2867 269 2908 ac
290 2844 394 2932 primo
418 2844 566 2908 mulieres
590 2859 621 2908 et
642 2844 753 2933 pueri,
777 2845 833 2932 qui
848 2845 953 2910 visum
968 2856 1190 2934 processerant
1205 2841 1233 2920 ⁵,
1250 2841 1299 2906 fu·

228 2973 314 3040 germ
330 2950 454 3031 deinde,
471 2952 519 3016 uti
543 2951 680 3041 quisque
704 2975 796 3017 muro
812 2955 822 2990 ⁶
844 2973 1020 3040 proxumus
1035 2963 1120 3028 erat,
1136 2963 1299 3038 postremo

251 3135 262 3168 r
285 3115 383 3174 Veluti
405 3116 596 3184 ludibundus,
615 3130 648 3172 ut
668 3115 743 3172 lidu-
782 3133 816 3169 ro
836 3109 1035 3170 succedebant.

228 3190 301 3246 ciam
313 3206 341 3248 et
355 3191 529 3248 alacritatem
543 3193 667 3249 adderet.
801 3188 818 3245 5
839 3189 988 3247 Machinae
1012 3189 1119 3268 quibus
1141 3187 1252 3266 lapides
1272 3201 1301 3246 et

247 3284 264 3321 2
288 3268 415 3336 Testudo
437 3270 476 3324 sic
494 3270 596 3326 fiebat:
621 3267 742 3345 impedi·
781 3266 835 3322 alia
854 3267 1004 3344 jaciebant.

225 3343 329 3399 mentis
346 3357 373 3399 et
391 3343 462 3402 levis
476 3360 636 3402 armaturae
648 3345 744 3401 militi·
802 3343 821 3414 4
840 3345 879 3400 Ut
890 3344 952 3400 fieri
964 3343 1035 3400 solet
1052 3340 1082 3398 in
1102 3341 1301 3398 obsidionibus

224 3419 281 3475 bus
293 3418 495 3496 equitibusque
507 3423 536 3476 in
549 3421 673 3477 medium
694 3441 741 3476 ac·
781 3433 886 3476 temere
899 3421 1014 3496 coeptis.

224 3496 332 3571 ceptis,
353 3496 447 3571 gravis
458 3510 618 3552 armaturae
630 3497 740 3571 pedites
797 3496 815 3552 5
827 3497 926 3551 Visum
940 3506 1139 3570 processerant
1148 3493 1301 3569 praelium,

224 3571 365 3645 quadrato
387 3573 498 3647 agmine
522 3572 713 3629 consistebant
731 3599 738 3627 :
780 3571 937 3647 quodcum
948 3573 1040 3628 Mario
1050 3569 1299 3629 committebatur:

222 3661 304 3704 scuta
326 3648 516 3704 extollebant:
541 3647 739 3722 stantibusque
778 3648 797 3701 ii
809 3651 914 3724 nempe
932 3649 1018 3724 primi
1035 3646 1182 3723 fugiebant
1193 3644 1222 3697 in
1237 3660 1300 3712 cas-

220 3724 332 3799 primis,
346 3724 479 3780 secundis
491 3724 737 3792 submissioribus,
778 3722 888 3792 tellum,
909 3723 1011 3780 deinde
1024 3724 1065 3779 uti
1078 3721 1200 3796 quisque
1213 3738 1301 3774 muru

220 3799 311 3854 tertiis
320 3801 451 3874 magisac
461 3800 737 3874 quartis,p0stremis
775 3800 935 3874 proximior
955 3810 1023 3854 erat.

219 3875 303 3943 enam
314 3895 388 3948 genn
401 3876 489 3942 nixis,
502 3875 639 3949 fastigiata
659 3876 733 3932 sicut
789 3878 807 3932 6
828 3877 902 3930 Ante
914 3875 1011 3928 muros
1027 3867 1246 3946 permanebant,
1259 3881 1293 3926 ut

221 3961 305 4016 tecta,
313 3951 485 4006 testudinem
496 3951 644 4009 faciebant.
655 3951 700 4007 Sic
710 3971 739 4006 se
778 3950 980 4016 confidentiam
1000 3946 1188 4010 declararent.

220 4025 257 4081 ab
270 4024 402 4086 hostibus
410 4029 610 4110 protegebant,
619 4027 665 4093 vel
674 4048 737 4088 urin
