2888 4748
406 345 595 414 nactust
619 344 956 415 susurramus
1151 370 1214 443 129

148 520 203 564 mo
226 494 317 588 patI,
347 496 424 562 dum
446 521 506 588 pro
530 497 654 565 civibus
681 497 772 578 suis,
799 497 877 566 viris
904 495 1097 563 fortissumis
1121 511 1217 587 atque

151 603 372 685 miserrumis,
394 627 514 695 poenas
537 620 693 695 caperent
717 606 885 670 Praeterea
906 605 1057 694 praedam
1081 604 1218 693 benigne

149 727 293 780 ostentat
313 713 368 778 Sic
384 711 497 777 animis
513 735 624 778 eorum
639 711 792 793 adrectis,
815 711 937 802 equites
958 713 993 777 iu
1014 712 1119 802 primo
1141 712 1218 776 late-

150 843 204 901 re,
220 820 345 910 pedites
361 843 458 909 quam
474 821 661 887 arctissume
675 820 722 885 ire
738 833 769 885 et
784 819 874 908 signa
890 819 1051 885 occultare
1067 819 1164 901 jubet.

163 984 168 993 .
192 926 528 994 LXXII.Vaecenses
543 927 599 991 ubi
615 927 864 993 animadvertere
880 925 921 990 ad
937 949 969 990 se
984 949 1116 992 vorsum
1132 949 1218 991 exer·

150 1036 252 1101 citum
266 1056 409 1125 pergere,
417 1033 590 1123 primo,uti
606 1058 656 1099 res
672 1048 750 1114 erat,
759 1032 927 1097 Metellum
942 1057 1010 1099 esse
1025 1034 1097 1113 rati,
1112 1048 1222 1124 portas

149 1143 314 1207 clausere:
330 1140 463 1219 deiude,
479 1141 536 1203 ubi
552 1164 655 1229 neque
672 1164 763 1229 agros
778 1140 896 1207 vastari
912 1154 943 1204 et
959 1163 1033 1219 eos,
1049 1141 1106 1229 qui
1125 1141 1223 1230 primi

150 1250 300 1330 aderaut,
316 1247 471 1313 Numidas
487 1249 610 1335 equites
632 1247 762 1325 vident3
786 1270 913 1312 rursum
929 1248 1125 1336 Iugurtham
1141 1248 1223 1317 arbi·

150 1357 243 1435 trati,
259 1379 332 1420 cum
347 1379 462 1443 magno
477 1354 594 1443 gaudio
620 1354 706 1420 obvii
728 1354 914 1443 procedunt.
936 1354 1070 1442 Equites
1086 1356 1224 1444 pedites·

152 1487 235 1552 que,
250 1477 380 1552 repente
396 1463 487 1550 signo
504 1461 589 1540 dato,
606 1461 660 1523 alii
676 1461 809 1549 vulgum
825 1459 963 1525 effusum
980 1461 1099 1551 oppido
1116 1464 1224 1529 caede-

150 1593 207 1648 re,
226 1570 282 1634 alii
303 1570 342 1633 ad
361 1584 469 1660 portas
491 1567 661 1632 festinare:
685 1592 760 1659 pars
781 1583 885 1632 turres
908 1591 1041 1657 capere:
1058 1571 1105 1634 ira
1129 1585 1226 1658 atque

150 1702 225 1767 spes
240 1676 378 1767 praedae
394 1677 551 1766 amplius,
567 1699 664 1764 quam
678 1675 844 1756 lassitudo,
859 1699 961 1765 posse.
978 1677 1027 1740 lta
1042 1677 1226 1745 Vaecenses

149 1785 286 1850 biduum
302 1783 395 1848 modo
419 1807 457 1848 ex
476 1781 611 1872 perfidia
626 1783 755 1846 laetati:
771 1782 881 1848 civitas
898 1806 1012 1871 magna
1035 1799 1067 1848 et
1089 1786 1226 1875 opulens

151 1916 273 1983 poenae
289 1905 404 1956 cuneta
420 1905 475 1954 aut
490 1889 625 1978 praedae
641 1888 709 1953 fuit.
721 1889 898 1977 Turpilius,
915 1913 1011 1977 quem
1025 1891 1225 1980 praefectum

154 2000 265 2090 oppidi
280 2020 383 2062 unum
399 2021 436 2061 ex
452 1997 600 2060 omnibus
614 1994 793 2084 profugisse
812 2019 909 2084 supra
931 1997 1142 2081 ostendimus,
1159 2005 1224 2085 jus-

153 2130 208 2171 sus
225 2129 243 2168 a
260 2103 390 2168 Metello
406 2126 552 2169 caussam
568 2103 692 2179 dicere3
712 2116 882 2191 postquam
897 2125 965 2168 sese
979 2128 1095 2194 parum
1108 2128 1224 2197 expur-

152 2227 226 2301 gat,
247 2212 476 2279 condemnatus
496 2212 743 2299 verberatusque
759 2209 863 2298 capite
877 2234 997 2299 poenas
1018 2212 1133 2284 solyit:
1149 2237 1224 2283 uam

152 2321 180 2386 is
197 2320 275 2387 alvis
293 2323 301 2346 ¹
317 2344 355 2385 ex
371 2320 464 2384 Latio
481 2333 555 2385 erat.

200 2427 362 2493 LXXIII.
389 2428 451 2493 Per
466 2430 550 2493 idem
569 2444 695 2517 tempus
713 2428 891 2510 Bomilcar,
905 2432 1000 2513 cujus
1013 2429 1148 2520 inpulsu
1163 2429 1222 2494 Ju-

152 2536 269 2627 gurtha
288 2522 501 2617 deditionem,
517 2560 614 2627 quam
636 2551 722 2601 metu
745 2537 902 2617 deseruit,
918 2537 1098 2628 inceperat,
1114 2560 1223 2627 suspe-

151 2661 223 2712 ctus
240 2645 307 2735 regi
323 2660 353 2710 et
368 2646 437 2736 ipse
452 2669 526 2710 eum
543 2645 739 2735 suspiciens,
755 2667 855 2711 novas
869 2667 922 2709 res
939 2669 1076 2735 cupere:
1093 2646 1133 2710 ad
1152 2667 1223 2735 per-

152 2754 270 2818 niciem
286 2756 355 2836 ejus
371 2753 480 2818 dolum
489 2776 651 2844 quaerere:
668 2753 724 2817 diu
740 2767 902 2841 noctuque
917 2752 1050 2840 fatigare
1066 2752 1223 2819 animum:

151 2861 310 2951 denique,
326 2861 433 2925 omnia
449 2862 617 2941 tentando,
633 2861 756 2926 socIum
772 2860 833 2925 sibi
849 2860 995 2948 adjungit
1011 2859 1225 2943 Nabdalsam,
1252 2861 1261 2874 ‘

151 2967 314 3033 hominem
330 2968 485 3048 nobilem,
500 2969 622 3058 magnis
639 2968 755 3057 opibus
773 2967 897 3033 telarum
920 2981 1151 3056 acceptumque
1165 2991 1222 3056 po·

151 3077 319 3166 pularibus
336 3078 421 3142 suis:
438 3075 494 3165 qui
509 3076 698 3165 plerumque
721 3097 863 3147 seorsum
887 3075 926 3138 ab
949 3097 1023 3161 rege
1048 3074 1223 3151 exercitum
1327 3071 1328 3074 '

150 3183 281 3248 ductare
297 3199 329 3248 et
344 3184 445 3249 omnis
470 3208 519 3248 res
543 3184 672 3271 exsequi
696 3182 807 3246 solitus
832 3195 917 3261 erat,
933 3204 1015 3268 quae
1039 3180 1221 3269 Jugurthae

150 3288 248 3370 fesso,
266 3305 321 3353 aut
336 3290 509 3374 majoribus
525 3289 675 3354 adstricto
692 3301 936 3378 superaverant:
954 3312 992 3352 ex
1007 3312 1070 3376 quo
1086 3288 1134 3353 illi
1150 3288 1219 3377 glo-

149 3397 199 3461 ria
221 3419 360 3486 opesque
375 3397 531 3463 iuventae.
549 3397 652 3484 Igitur
665 3395 835 3484 utriusque
851 3396 985 3460 consilio
1006 3395 1073 3462 dies
1093 3394 1219 3458 insidiis

151 3506 321 3571 statuitur:
339 3516 461 3583 cetera,
477 3502 524 3567 uti
549 3526 599 3567 res
622 3517 785 3592 posceret,
806 3527 843 3568 ex
864 3519 1006 3593 tempore
1025 3502 1132 3591 parari
1151 3501 1218 3589 pla-

147 3614 223 3680 cuit.
241 3611 399 3679 Nabdalsa
422 3610 463 3675 ad
486 3610 658 3677 exereitum
679 3609 863 3701 profectus,
887 3632 983 3700 quem
1006 3609 1088 3676 inter
1111 3605 1216 3671 hiber-

172 3868 509 3944 rPorciaeValeriaeque
520 3867 595 3942 leges
603 3886 663 3922 non
701 3866 792 3924 socios
814 3877 864 3922 aut
894 3863 1058 3923 auxiliarios
1086 3859 1215 3919 animad«

150 3944 285 4001 valebunt
303 3947 333 4000 in
352 3946 467 4014 castris3
488 3945 544 4000 imo
555 3942 663 3998 ibidem
700 3943 872 4005 vertebatur.

152 4020 266 4096 gravius
289 4019 319 4075 in
344 4021 506 4093 Romanos,
528 4039 615 4097 quam
633 4019 663 4075 in

202 4136 228 4177 r.
252 4136 276 4177 r.
1013 4132 1034 4197 9
