2888 4748
239 369 304 437 see
532 365 569 430 G.
596 362 745 432 CRISPI
772 360 1016 434 SALLUSTII

147 514 148 517 '
233 520 290 584 illo
306 516 358 582 die
372 538 611 607 responsurum.
629 517 757 583 Deinde
773 517 866 582 ambo
883 518 917 582 in
942 541 1001 584 sna
1018 528 1122 582 eastra
1140 516 1310 608 'digressi

235 625 300 692 sed
315 625 372 690 ubi
387 625 579 715 plerumque
594 627 697 690 noctis
713 627 879 715 processit,
895 620 986 691 Sulle
1002 648 1021 690 e
1036 625 1166 702 Baccha
1183 609 1311 692 occulte

234 732 428 800 arcessitur:
453 733 493 797 ah
512 746 651 821 utroque
674 733 896 799 tantummodo
922 732 980 799 fidi
1007 734 1196 824 interpretes
1221 733 1309 798 adhi-

204 899 208 906 .
233 842 359 907 bentur.
384 841 554 906 Praeterea
583 840 695 904 Dabar
719 841 966 922 internuncius,
991 855 1122 906 sanetus
1153 841 1203 907 vir
1218 843 1240 922 ⁸,
1271 865 1309 906 ex

236 950 392 1015 sententia
407 951 494 1032 jurat
508 948 700 1013 ambabns³:
717 972 755 1012 ae
771 950 878 1013 statim
894 949 941 1014 sic
956 970 1012 1014 rex
1026 949 1149 1039 incipit.

283 1055 443 1122 CXVIII.
468 1061 650 1143 Numquam
674 1080 730 1142 ego
754 1071 841 1121 ratus
857 1082 927 1120 sam
941 1058 1039 1140 sare,
1054 1059 1103 1120 ati
1117 1081 1178 1121 rea
1193 1082 1309 1120 maxa-

236 1191 305 1231 mas
329 1169 362 1229 in
387 1166 448 1229 hae
472 1182 558 1229 terra
581 1166 776 1256 etlomniam
789 1213 799 1242 ‚
822 1188 901 1250 qaas
926 1164 1011 1241 navi,
1035 1165 1309 1250 opulenti-scimus,

233 1277 355 1362 privata
379 1274 502 1337 homini
520 1276 658 1360 gratiam
681 1272 837 1337 deherem.
862 1277 904 1336 Et
927 1272 1071 1351 hercule,
1096 1273 1208 1353 Salia,
1231 1288 1308 1337 ante

236 1398 267 1447 te
283 1384 457 1468 cognitum,
472 1382 580 1444 multis
597 1381 775 1459 arantibus,
789 1382 864 1446 aliis
881 1380 967 1444 altra
986 1396 1108 1467 egomet
1124 1405 1214 1467 apem
1232 1381 1310 1459 tali,

236 1490 358 1554 nullius
383 1490 514 1574 indigui.
540 1489 580 1552 td
602 1491 809 1566 inminutum,
832 1488 919 1573 qaod
941 1490 1040 1552 aeteri
1054 1488 1163 1553 dolere
1187 1488 1309 1566 soient,

199 1600 204 1610 ’
237 1624 292 1685 ega
317 1599 428 1661 laetor.
446 1599 558 1660 Fuerit
580 1597 660 1660 mihi
680 1599 820 1682 pretium
836 1601 867 1675 ⁴,
891 1599 1013 1684 egnisse
1030 1596 1210 1682 aliquando
1234 1611 1310 1660 tuae

236 1707 420 1783 amicitiae,
444 1729 509 1790 qua
532 1703 621 1791 apud
638 1706 782 1768 animam
798 1728 904 1768 meam
919 1704 1004 1769 nitit
1018 1707 1125 1769 carias
1140 1703 1252 1768 habeo.
1269 1704 1312 1766 Id

238 1815 318 1880 adea
341 1816 485 1900 experiri
509 1814 598 1877 iicet:
613 1838 718 1893 arma,
734 1815 827 1894 viras,
841 1817 1027 1900 pecuniam,
1040 1829 1198 1901 postremo
1217 1811 1310 1898 quid-

238 1923 319 2010 quid
335 1923 448 1985 anima
472 1921 563 2000 tibet,
586 1945 688 2000 sume,
712 1938 814 2000 utere3
838 1937 884 2002 et,
899 1922 1008 2009 quoad
1022 1924 1114 2000 eires,
1129 1943 1307 2006 numquam

238 2028 300 2098 tibi
320 2030 477 2095 redditam
493 2039 505 2075 ⁵
523 2032 662 2115 gratiam
683 2032 864 2116 putaveris3
879 2054 1004 2117 semper
1018 2029 1106 2118 apud
1120 2052 1170 2092 me
1186 2029 1310 2113 integra

239 2140 321 2204 erit:
344 2138 482 2224 denique
506 2137 603 2216 nihil,
625 2160 675 2203 me
691 2139 824 2217 sciente,
837 2137 967 2222 frustra
983 2138 1074 2202 voles.
1092 2141 1188 2215 Nam,
1203 2150 1240 2198 at
1254 2157 1311 2219 ega

238 2247 420 2329 existumo,
449 2268 553 2332 regem
585 2248 703 2324 armis,
728 2269 825 2333 quam
859 2245 1082 2330 munificentia
1112 2246 1196 2307 vinci
1214 2243 1314 2327 flagi-

239 2354 354 2418 tiosum
378 2355 491 2417 minus.
520 2359 668 2418 Ceterum
689 2353 729 2418 de
753 2352 931 2442 Republica
955 2369 1076 2431 vestra,
1099 2355 1190 2436 cujus
1218 2375 1311 2412 cura-

238 2474 289 2526 tor
310 2460 373 2526 ime
396 2463 509 2526 missas
532 2486 566 2527 es
578 2511 588 2542 ,
608 2463 723 2549 paucis
746 2464 867 2550 accipe.
880 2462 1014 2548 'Bellum
1038 2484 1095 2548 ego
1113 2457 1233 2546 papaia
1251 2460 1311 2521 Ra·

237 2590 332 2632 mana
347 2594 452 2656 neque
458 2569 532 2655 seei
535 2620 545 2649 ‚
560 2571 801 2656 nequesactam
821 2565 999 2658 ‘umquam
1015 2570 1102 2639 volui
1115 2569 1212 2654 :finis
1227 2581 1312 2629 meos

237 2675 403 2760 adversum
428 2693 566 2742 armatas
590 2681 688 2742 armis
713 2695 800 2744 tutus
824 2681 904 2742 ram.
933 2679 974 2742 Id
996 2679 1107 2765 amitto
1128 2673 1160 2755 ⁷3
1184 2672 1314 2762 quanda

237 2782 322 2847 sabis
346 2785 392 2847 ita
413 2785 523 2870 placet
531 2814 541 2863 ,·
560 2789 676 2872 gerite,
699 2789 749 2850 ati
772 2787 881 2866 cultis,
905 2810 978 2852 cum
998 2783 1158 2873 Iugurtha
1182 2782 1312 2846 bellum.

238 2894 304 2976 Ego
320 2891 446 2971 flumen
470 2892 673 2974 Mulucham,
697 2896 784 2981 quod
807 2899 892 2960 inter
915 2920 965 2960 me
990 2910 1024 2959 et
1039 2895 1208 2978 Micipsam
1224 2873 1314 2976 suit,

230 3023 303 3065 mon
326 2999 490 3085 egrediar,
513 3024 617 3087 neque
640 2997 832 3088 Iugurtham
856 3004 891 3067 id
913 3008 1034 3068 intrare
1050 3001 1163 3060 sinam.
1182 2999 1312 3057 Praete-

238 3117 317 3185 Μ»
339 3109 368 3170 Si
392 3108 471 3193 qaid
494 3133 607 3197 meque
631 3110 778 3200 vobisque
804 3111 934 3196 dignum
955 3107 1130 3197 petiverit,
1154 3103 1243 3168 hand
1264 3126 1314 3166 re·

237 3213 351 3298 pulsus
367 3226 378 3262 ⁸
392 3216 514 3281 abibis.
958 3234 963 3243 ’

266 3491 278 3528 1
303 3472 382 3531 Sulla
401 3497 456 3554 pra
476 3480 535 3537 suis
560 3479 698 3538 militibus
718 3480 761 3536 di·
799 3482 899 3538 stimes
909 3499 955 3535 me
974 3478 1030 3534 tibi
1044 3478 1177 3552 gratiam
1196 3469 1315 3525 retalie-

244 3567 327 3608 versa
348 3553 385 3608 ab
404 3555 489 3630 regiis
510 3568 603 3612 castra
625 3558 735 3617 fecerat.
799 3576 831 3613 se
848 3575 906 3630 pra
925 3562 983 3613 tuis
1001 3575 1076 3630 erga
1093 3572 1138 3608 me
1155 3548 1313 3618 beneficiis.

263 3629 759 3711 2Incorruptaeperspectaequeii-
799 3631 887 3701 Quad
898 3652 965 3688 suas
984 3631 1093 3709 legatos
1113 3623 1253 3685 aGetulis
1272 3621 1315 3709 la·

242 3698 298 3762 dei.
798 3709 931 3766 tronibus
957 3709 1092 3786 spoliatas
1118 3703 1207 3760 amice
1232 3712 1260 3757 et
1279 3697 1315 3753 h-

262 3777 281 3836 3
302 3781 338 3838 Se
359 3781 480 3842 fideliter
492 3785 643 3862 utriusque
654 3785 760 3842 aratia·
796 3779 932 3842 beraliter
952 3784 1137 3843 tractavisset.

243 3876 312 3914 nem
332 3859 598 3938 interpretaturum.
815 3862 834 3919 6
846 3865 975 3918 Factum
984 3861 1128 3936 eleganter
1136 3856 1313 3936 prosacere.

262 3931 283 4003 4
303 3938 402 3994 Lucra
421 3957 563 4012 appono,
583 3937 666 4015 quod
684 3941 760 3995 ami·
816 3959 833 4017 7
852 3938 932 4008 ‚Idest
943 3964 953 3994 ε»
970 3937 1089 4007 hellam.

243 4013 335 4066 ciriae
355 4017 486 4086 eguerim
507 4024 585 4072 tuae.
815 4020 832 4075 8
851 4015 944 4075 Haud
961 4014 1111 4093 repulsam
1120 4012 1219 4092 seres.

262 4084 280 4142 5
300 4089 405 4146 Donec
425 4092 504 4148 vives
523 4109 675 4167 nunquam
691 4094 756 4149 exi·
