2888 4748
239 353 302 434 sla
531 351 567 418 C.
594 347 743 418 CRISPI
768 345 1013 416 SALLUSTII

234 504 315 593 qaid
326 525 529 589 responsuros
545 502 695 581 creditis,
710 505 789 582 nisi,
807 524 876 566 sese
899 502 1017 567 liberos
1039 523 1136 590 quam
1158 519 1305 591 optumos

231 612 387 676 tolaisse?
404 610 494 692 Quod
512 613 541 674 si
558 613 634 695 jure
656 631 705 673 me
722 610 923 695 despiciunt3
936 612 1071 694 saciant
1094 611 1178 675 idem
1201 613 1302 700 majo-

206 741 209 743 *
232 719 320 782 ribus
340 721 406 782 suis
419 703 431 796 ;¹
448 717 589 804 quibus,
612 719 661 780 uti
681 717 782 797 mihi,
806 741 850 782 ex
871 720 984 782 virtute
1007 719 1159 782 nobilitas
1183 724 1299 807 coepitt

235 825 384 890 Invident
405 825 518 888 leonori
540 849 631 888 meo:
654 849 727 910 ergo
748 825 912 890 invideant
931 825 1058 903 labori,
1077 828 1302 907 innocentiae,

230 933 384 1022 periculis
398 934 495 996 etiam
511 935 610 996 meis:
628 935 780 1018 quoniam
798 949 857 1018 per
872 933 952 997 ltaee
972 933 1066 996 illum
1080 937 1160 1019 cepi.
1182 933 1313 999 Verum

232 1039 373 1104 homines
389 1042 531 1126 corrupti
544 1039 695 1126 superbia
703 1090 713 1119 ,
729 1042 775 1104 ita
791 1056 928 1104 aetatem
944 1057 1060 1125 agunt,
1076 1044 1170 1126 quasi
1186 1058 1302 1106 vestros

232 1148 365 1212 ltonores
388 1157 614 1226 contemnant‚·
637 1150 684 1211 ita
708 1147 764 1212 lios
786 1163 924 1233 petunt,
949 1150 1043 1234 quasi
1066 1149 1195 1214 honeste
1218 1153 1305 1214 viee-

231 1258 297 1318 rint
313 1254 330 1318 ¹.
348 1261 416 1320 Nae
432 1256 484 1318 illi
489 1256 576 1339 salsi
590 1268 687 1318 sunt*
706 1256 764 1341 qui
785 1256 1023 1319 divorsissumas
1038 1281 1088 1319 res
1107 1258 1231 1341 pariter
1245 1282 1305 1320 ex-

230 1378 393 1448 spectant,
408 1364 550 1448 igrmeioe
573 1363 783 1448 voluptatem,
797 1378 829 1426 et
843 1365 989 1449 praemia
1012 1365 1136 1426 virtutis
1152 1369 1169 1426 ³.
1197 1369 1300 1450 Atque

231 1473 328 1534 etiam
343 1494 415 1533 cum
430 1469 518 1557 apud
533 1493 584 1534 eos
605 1487 662 1534 aut
684 1472 717 1533 in
737 1486 851 1534 senatu
869 1469 963 1535 verba
973 1471 1130 1555 saciant,
1143 1471 1304 1557 pleraque

231 1581 373 1642 oratione
388 1581 523 1662 majores
539 1602 612 1642 suos
628 1578 791 1642 extollunt
800 1607 810 1656 3
826 1601 935 1642 eorum
948 1579 1056 1663 fortia
1068 1579 1167 1662 facta
1183 1600 1300 1642 memo*

231 1685 332 1748 rande
347 1685 498 1748 clariores
513 1709 580 1749 sese
594 1701 731 1772 putant:
747 1684 833 1771 quod
846 1700 959 1748 contra
974 1701 1040 1772 est.¹
1055 1690 1155 1764 Nam,
1178 1703 1301 1770 quanto

233 1793 297 1855 rita
313 1792 442 1856 illorum
455 1793 671 1878 praeclarior,
693 1808 781 1856 tanto
805 1792 918 1857 lterum
937 1793 1083 1858 secordia
1095 1793 1301 1879 flagitiosior,

147 1956 148 1959 ,
234 1902 277 1962 Et
289 1902 431 1984 profecto
448 1902 494 1962 ita
508 1923 541 1963 se
557 1924 607 1964 res
622 1901 737 1965 habet:
756 1903 917 1986 majorum
932 1901 1037 1986 gloria
1056 1903 1190 1987 posteris
1213 1901 1308 1987 quasi

234 2007 341 2070 lumen
358 2024 421 2086 est,
436 2031 540 2092 neque
557 2007 639 2072 bana
655 2033 785 2087 eorum,
801 2032 906 2096 neque
928 2009 1019 2072 mala
1036 2009 1069 2071 iit
1086 2009 1209 2072 occulto
1222 2008 1307 2094 pati-

234 2129 296 2175 tur.
316 2119 455 2198 Huiusce
471 2118 520 2178 rei
534 2125 546 2165 ⁴
560 2140 615 2201 ego
635 2118 777 2203 inopiam
794 2119 920 2202 patior,
937 2119 1088 2197 Quirites,
1117 2119 1230 2179 Verum
1252 2115 1304 2195 id,

237 2221 324 2304 quod
339 2223 439 2285 multo
454 2224 655 2308 praeclarius
671 2239 718 2287 est
727 2273 736 2302 ,
751 2240 888 2287 meamet
892 2226 990 2307 sacta
1005 2224 1084 2287 milri
1098 2224 1203 2289 dicere
1219 2224 1305 2286 licet.

233 2332 325 2391 Nunc
341 2328 454 2409 videte,
469 2354 565 2416 quam
581 2333 686 2418 iniqui
699 2333 773 2395 sint.
792 2330 883 2411 Quod
898 2355 941 2394 en
958 2329 1069 2394 aliena
1085 2333 1199 2394 virtute
1216 2333 1227 2369 ⁵
1241 2329 1304 2391 silri

233 2435 399 2522 adrogant,
416 2437 450 2499 id
464 2437 542 2501 milri
557 2464 600 2502 ese
616 2464 687 2504 mea
702 2464 767 2504 nan
782 2438 980 2503 concedunt:
995 2437 1120 2502 scilicet
1135 2439 1211 2522 quia
1227 2439 1306 2500 ima·

233 2545 325 2628 gines
341 2570 404 2608 non
420 2544 660 2633 habe0,etquia
676 2548 755 2611 mihi
770 2571 849 2610 noea
865 2547 1019 2610 nobilitas
1035 2562 1093 2610 cst:
1110 2570 1205 2632 quam
1222 2559 1307 2607 certe
1396 2541 1398 2547 ’

237 2654 416 2736 oeperisse,
432 2677 528 2739 quam
545 2671 708 2741 acceptam
728 2653 933 2741 ‘corrupisse
949 2655 1063 2718 melius
1079 2670 1134 2718 est.

284 2759 485 2825 LXXXIX.
501 2762 658 2847 Equidem
673 2788 729 2848 ego
745 2781 815 2826 non·
825 2765 948 2849 ignoro,
963 2765 992 2825 si
1008 2765 1077 2845 jam
1088 2762 1167 2824 mihi
1180 2783 1309 2843 respon·

238 2865 313 2929 dere
339 2867 458 2946 velint,
482 2867 610 2933 abunde
633 2869 699 2932 illis
710 2870 893 2954 facundam
916 2887 950 2936 et
966 2869 1170 2954 compositam
1191 2867 1306 2927 oratio-

240 2998 312 3038 nem
324 2977 411 3059 sore.
430 2977 495 3040 Sed
509 2979 543 3039 in
559 2999 711 3040 maxuma
734 2995 833 3042 vestro
850 2978 1005 3059 Beneficio
1021 2971 1050 3051 ⁷,
1072 2996 1144 3034 cum
1161 2971 1305 3034 omnibus

236 3082 316 3145 locis
340 3109 389 3147 me
414 3108 527 3169 eosque
544 3085 722 3148 maledictis
742 3085 886 3148 lacerent
899 3131 909 3158 ,
924 3105 988 3144 non
1009 3079 1135 3164 placuit
1154 3082 1306 3143 reticere:

240 3213 280 3252 ne
297 3193 368 3276 quis
384 3193 570 3256 modestiam
587 3194 621 3254 in
637 3192 864 3255 conscientiam
880 3184 1044 3250 ‘duceres
1065 3190 1148 3252 Nam
1170 3214 1218 3253 me
1235 3190 1304 3274 qui-

258 3391 268 3425 ι
292 3371 402 3448 Nempe
430 3382 489 3429 non
509 3395 545 3430 ex
573 3373 685 3443 merita,
707 3372 756 3429 sed
794 3385 862 3439 tem,
873 3369 944 3426 mihi
956 3391 1014 3429 non
1027 3369 1189 3430 concedunt
1198 3369 1311 3426 exmeis
1350 3380 1356 3389 “

235 3449 320 3522 quasi
341 3470 376 3505 ex
396 3448 500 3505 debito.
794 3447 972 3504 nobilitatem
984 3469 1103 3506 sumere.

254 3542 269 3578 2
291 3525 478 3603 Participium
489 3547 504 3582 e
517 3524 724 3598 verbosallor.
813 3527 831 3580 6
851 3523 1000 3581 Traditum
1012 3548 1027 3580 a
1039 3522 1211 3600 majoribus,
1230 3531 1258 3574 et
1273 3519 1310 3572 ab

252 3597 270 3655 3
291 3601 753 3677 Ignaviaeiructum‚voluptatem
792 3599 853 3656 aliis
872 3601 902 3655 in
923 3619 952 3658 se
972 3601 1138 3660 derivatam.

234 3678 533 3754 expetunt3simulque
543 3675 650 3732 laboris
659 3689 686 3732 et
695 3677 757 3733 virs
811 3696 827 3752 7
849 3674 905 3732 Sed
926 3691 992 3752 post
1014 3697 1082 3733 uam
1111 3691 1157 3728 me
1184 3669 1310 3725 maximo

232 3753 302 3808 tutis
322 3754 502 3823 mercedem,
524 3753 648 3809 honores
670 3755 751 3828 quasi
791 3764 886 3810 vestro
914 3699 1056 3810 bonellcio
1083 3746 1229 3806 consulem
1250 3765 1310 3802 esse

232 3828 375 3885 nobilitati
395 3830 525 3895 debitos,
545 3842 687 3905 repetunt.
789 3829 918 3907 jussistis.

155 3963 170 3982 l
252 3903 270 3973 4
291 3905 407 3962 Gloriae
417 3926 471 3981 per
482 3908 604 3979 majores
615 3918 723 3981 partae.
810 3913 825 3963 8
846 3905 889 3962 Ne
898 3903 1021 3974 tacendo
1031 3899 1186 3960 concedere
1196 3897 1309 3955 viderer

251 3978 269 4036 5
289 3981 335 4036 Illi
345 3981 485 4070 adrogant
497 3980 550 4037 sihi
562 4002 597 4036 ex
606 3983 748 4056 majorum
787 3983 902 4058 quaein
918 4001 964 4038 me
981 3977 1186 4038 contumeliose
1205 3994 1309 4050 conge-

233 4074 351 4114 suarum
362 4058 442 4114 factts
451 4057 605 4134 praeclaris
613 4057 747 4115 nohilita-
786 4070 862 4114 runt.
