2888 4748
351 306 540 401 areium
565 332 904 406 recursurum
978 359 981 365 ·
1036 315 1039 319 ’
1152 365 1194 431 ,ιΔ

126 486 162 556 iu
184 481 296 577 primis
319 505 435 576 magno
459 485 535 551 usui
550 499 597 551 est
612 486 763 556 memoria
778 501 1084 580 rerumgestarum:
1101 494 1196 576 cujus

125 594 167 662 de
188 594 306 663 virtius
330 594 406 685 quia
429 593 524 660 multi
547 593 671 674 dixere,
685 596 954 682 praetereundum
967 613 1068 688 puto;
1084 597 1197 682 simul,

127 725 168 771 ne
190 724 249 794 per
271 696 475 769 insolentiam
499 700 571 792 quis
594 700 761 772 existumet
783 720 901 772 memet
922 704 1065 772 studium
1089 729 1199 771 meum

126 809 300 892 laudando,
316 810 474 877 extollere
492 809 600 900 Atque
616 830 674 899 ego
691 813 782 907 credo
798 813 879 895 fore,
894 813 963 903 qui,
978 813 1056 904 quia
1070 813 1198 881 decrevi

127 917 244 1010 procul
266 917 503 1010 allepubblica
517 932 653 984 aetatem
677 930 789 1011 agere,
806 935 896 988 tanto
919 935 1049 1012 tamque
1064 921 1138 988 utili
1152 922 1198 986 la-

128 1025 201 1093 bori
223 1048 295 1094 meo
318 1048 435 1092 nomen
458 1027 592 1092 inertiae
607 1025 784 1116 inponant:
800 1043 882 1094 certe
903 1029 1023 1120 quibus
1050 1049 1200 1096 maxuma

128 1133 289 1200 industria
310 1133 437 1200 videtur
460 1134 598 1201 salutare
621 1135 748 1224 plebem
764 1149 791 1214 ¹,
806 1148 838 1200 et
856 1138 1011 1204 conviviis
1040 1137 1175 1228 gratiam
1189 1142 1202 1167 ⁸

128 1264 292 1337 quaerere.
319 1242 384 1325 Qui
408 1241 436 1307 si
459 1243 678 1334 reputaverint
708 1257 740 1307 et
770 1241 886 1332 quibus
917 1269 975 1337 ego
1000 1246 1200 1337 temporibus

65 1393 67 1396 -
131 1349 352 1438 magistratum
368 1349 503 1441 adeptus
527 1351 608 1432 sim,
623 1366 655 1417 et
671 1350 782 1440 quales
797 1351 860 1418 viri
874 1348 885 1388 ³
899 1353 984 1420 idem
1000 1352 1134 1443 adsequi
1149 1352 1210 1419 ne?

131 1457 316 1548 quiverint;
339 1472 372 1525 et
400 1474 512 1549 postea
541 1483 624 1550 quae
648 1481 764 1548 genera
792 1458 958 1527 hominum
990 1462 1024 1527 in
1057 1476 1212 1528 sensuim-

131 1565 348 1656 pervenerinu
362 1565 506 1656 profecto
522 1567 773 1650 existumabunt,
788 1590 839 1632 me
854 1570 954 1657 magis
969 1569 1093 1651 merito,
1107 1591 1214 1660 quam

130 1672 279 1762 ignavia,
303 1673 462 1757 judicium
478 1673 577 1739 animi
592 1674 655 1741 mei
671 1675 862 1755 mutavisse,
877 1679 1044 1766 majusque
1067 1698 1208 1743 commo·
1293 1725 1296 1729 «

131 1779 211 1847 dum
234 1803 273 1847 ex
297 1781 362 1848 otio
386 1804 476 1862 meo,
501 1805 599 1870 quam
622 1805 660 1847 ex
676 1783 815 1848 aliorum
837 1782 975 1873 negotiis
995 1784 1217 1875 Reipublicae.-

133 1904 312 1954 venturum.
330 1889 412 1954 Nam
438 1911 533 1979 saepe
555 1888 666 1957 audiri
699 1891 736 1973 Q.
762 1891 953 1956 Maxumum
969 1894 996 1972 ⁴,
1019 1894 1055 1957 P.
1084 1891 1208 1980 Scipio·

134 2018 209 2060 nem
228 1995 257 2078 ⁸,
280 2010 444 2085 praeterea
467 1995 606 2062 civitatis
629 2011 758 2062 nostrae
781 1998 963 2087 praeclaros
987 1999 1073 2065 viros
1096 1996 1208 2064 solitos

134 2102 179 2167 ita
196 2102 320 2168 dicere:
340 2108 420 2167 Cum
436 2106 593 2186 majurum
610 2106 763 2191 imagines
779 2108 790 2183 ⁶
806 2107 1027 2185 intuerentur,
1047 2105 1209 2172 veliemen-

134 2214 264 2275 tissume
288 2210 351 2274 sibi
374 2212 517 2276 animum
540 2212 585 2276 ad
609 2214 753 2278 virtutem
770 2215 913 2279 accendi.
932 2214 1063 2281 Scilicet
1077 2235 1142 2278 nou
1159 2235 1221 2278 ce·-

134 2334 203 2383 ram
226 2319 333 2399 illam,
349 2340 453 2407 neque
468 2316 605 2408 figuram
628 2333 749 2385 tantam
764 2322 830 2386 vim
854 2322 889 2386 in
912 2345 982 2387 sese
1004 2321 1139 2397 habere3
1154 2317 1220 2385 sed

134 2426 287 2492 memoria
310 2441 602 2516 rerumgestarum
626 2448 696 2489 eam
727 2426 889 2493 flammam
912 2427 1047 2516 egregiis
1071 2427 1149 2494 viris
1173 2426 1208 2489 iu

135 2547 264 2624 pectore
286 2554 448 2612 crescere,
472 2555 577 2621 neque
600 2531 691 2622 prius
707 2531 830 2612 sedari,
850 2555 947 2621 quam
969 2534 1073 2599 virtus
1098 2553 1210 2596 eorum

135 2639 253 2705 famam
283 2653 378 2728 atque
406 2639 541 2728 gloriam
569 2638 803 2728 adaequaverit.
834 2638 879 2705 At
908 2652 1035 2718 contra,
1064 2637 1135 2726 quis
1164 2650 1212 2702 est

137 2747 282 2814 omnium
297 2745 348 2812 his
363 2746 546 2827 moribus⁷,
563 2746 642 2835 quin
659 2745 779 2813 divitiis
802 2758 835 2810 et
857 2745 1033 2826 sumtibus,
1053 2767 1119 2809 non
1137 2767 1212 2833 pro·

135 2857 236 2921 bitate
267 2878 372 2944 neque
401 2853 587 2936 industria,
618 2876 694 2919 cum
717 2852 895 2936 majoribus
919 2853 986 2917 suis
1016 2850 1212 2917 contendat?

138 2963 232 3031 etiam
256 2961 402 3028 homines
426 2962 502 3030 nori
516 2957 546 3046 ⁸,
571 2961 628 3054 qui
644 2976 738 3029 autea
760 2983 818 3053 per
834 2961 985 3028 virtutem
1009 2958 1096 3024 soliti
1119 2971 1211 3028 erant

160 3148 170 3184 r
194 3126 348 3184 Candidati
369 3126 405 3184 ad
425 3125 568 3203 captanda
594 3124 653 3183 suf·
693 3137 785 3183 ctstor
802 3137 902 3182 contra
920 3122 1114 3185 Hannibalem
1132 3141 1212 3177 crea·

137 3204 238 3280 fragia,
252 3200 441 3278 singulorum,
459 3223 533 3278 quos
553 3201 654 3260 obvius
693 3214 750 3270 tus,
772 3200 946 3270 cunctando,
967 3220 1030 3257 retu
1048 3199 1211 3259 Romanam
1240 3225 1248 3233 -

136 3279 302 3347 habebant,
327 3298 445 3334 mantem
466 3291 654 3354 prensantes,
693 3277 824 3335 restituit
892 3285 894 3290 '

140 3356 256 3416 nomine
283 3374 429 3428 quemque
451 3353 654 3429 appellabant;
712 3352 730 3410 5
750 3354 794 3409 Ex
815 3365 900 3430 gente
920 3349 1065 3410 Cornelia.

140 3452 228 3509 quam
249 3429 285 3486 ad
310 3449 372 3485 rem
390 3427 655 3487 nomenclatoribus
711 3430 730 3486 6
750 3430 895 3504 Majorum
905 3427 1005 3488 vultus
1016 3447 1081 3485 cera
1093 3441 1211 3501 expres·

140 3507 267 3567 comitati
286 3503 375 3562 ibant.
694 3505 727 3575 si,
748 3525 821 3581 quus
840 3507 870 3562 in
890 3505 985 3582 prima
994 3516 1078 3579 parte
1096 3500 1211 3558 aedium

132 3633 133 3637 ,
160 3585 230 3641 alu
249 3581 374 3659 publicis
400 3579 537 3639 conviviis
557 3579 653 3637 multi·
692 3579 899 3651 includebant,
928 3592 956 3637 et
983 3580 1061 3636 iestis
1090 3576 1213 3644 diebus,

140 3660 249 3718 tudinis
279 3657 406 3715 studium
441 3656 494 3712 sibi
523 3656 655 3715 homines
679 3658 800 3734 vapertis
819 3650 1227 3723 armariis,ornaba'nt.Non1-

142 3735 283 3793 ambitiosi
304 3732 503 3792 conciliabant.
692 3733 796 3790 licebat
815 3752 924 3809 ponere
952 3731 982 3786 in
1011 3729 1084 3785 atrio
1110 3726 1212 3801 imagi-

159 3812 177 3868 3
189 3813 262 3868 Cato
274 3809 374 3868 eodem
387 3822 525 3884 tempore,
536 3821 654 3884 praetu·
693 3829 759 3865 nem
771 3809 815 3865 sui
826 3851 835 3877 ,
846 3808 901 3864 nisi
921 3807 955 3863 iis
966 3805 1018 3881 qui
1029 3803 1213 3880 magistratus

142 3908 204 3945 ram
214 3900 325 3963 petens,
335 3883 479 3962 repulsam
486 3904 589 4018 passus
601 3896 650 3943 est.
692 3884 806 3942 curules
827 3884 985 3961 gessissent

160 3962 179 4036 4
198 3964 241 4018 Ex
252 3963 407 4018 Fabiorum
419 3961 485 4017 sami
498 3963 523 4017 ia
535 3958 654 4016 nobilis·
712 3981 728 4038 'r'
750 3961 827 4016 Cum
846 3960 876 4015 hi
897 3977 991 4016 mores
1010 3954 1195 4015 invaluerint.

144 4041 213 4098 sima
231 4037 316 4129 simul
331 4057 364 4095 ac
382 4038 591 4116 potentissima:
611 4035 655 4092 di·
714 4042 730 4093 8
750 4034 826 4096 Vide
845 4047 943 4093 notam
964 4033 981 4093 5
1000 4053 1066 4111 pag.
1087 4031 1135 4090 32.
