2888 4748
230 356 270 417 ρ
524 322 561 389 e.
587 323 736 390 casser
762 322 1003 394 sinuessa

223 482 316 570 sequi
338 494 476 544 maturet
486 506 496 557 3
515 479 626 541 Cicero
644 477 717 541 urbi
729 478 890 562 praesidio
906 479 955 541 sit.
973 476 1020 541 Ea
1036 491 1224 569 tempestate
1239 483 1300 551 min

225 593 261 660 bi
284 589 455 680 imperium
478 585 592 676 populi
615 584 754 650 Romani
777 585 878 651 multo
893 608 1040 654 maxume
1055 588 1236 657 miserabile
1251 595 1299 662 vi·

225 723 298 768 sum
322 712 386 763 est:
412 695 464 760 cui
490 717 563 759 cum
581 693 620 757 ad
636 716 785 758 occasum
801 695 840 758 ab
857 709 928 759 ortu
954 695 1030 760 solis
1047 696 1156 761 omnia
1176 698 1297 768 domita

148 870 154 881 ,
224 808 322 876 armis
345 817 515 896 parerent,-
546 801 632 865 domi
655 801 756 865 otium
788 816 883 891 atque
907 803 1056 885 divitiae,
1086 829 1169 894 quae
1193 809 1299 897 prima
1334 803 1336 807 ¹

223 914 369 983 mortalis
392 923 524 1001 putant,
549 907 746 973 adficerent:
763 909 852 974 sucre
868 925 972 975 tamen
995 912 1096 993 cives,
1119 915 1175 1003 qui
1201 940 1299 1005 seque

223 1045 357 1113 remque
382 1019 545 1109 publicam
570 1017 736 1082 obstinatis
761 1019 876 1083 anImis
900 1019 1061 1108 perditum
1085 1021 1176 1087 irent.
1201 1025 1297 1088 Nam-

224 1156 309 1223 que,
333 1129 459 1193 duobus
485 1126 585 1190 senati
610 1125 763 1206 decretis,
787 1150 824 1190 ex
848 1140 936 1190 tanta
951 1128 1176 1211 multitudine,
1192 1155 1297 1220 neque

224 1238 367 1334 praemio
390 1235 542 1299 inductus
566 1233 820 1316 conjurationem
835 1233 1046 1323 patefecerat,
1066 1260 1169 1326 neque
1185 1262 1222 1303 ex
1247 1264 1296 1304 ca-

225 1348 299 1415 stris
317 1344 474 1409 Catilinae
491 1343 662 1431 quisquam
678 1342 823 1407 omnium
832 1341 1030 1407 discesserat:
1046 1357 1133 1408 tanta
1149 1344 1198 1412 vis
1214 1370 1297 1412 mor·

224 1456 277 1536 bi,
302 1467 397 1542 atquc
420 1450 467 1515 uti
491 1450 580 1514 tabes
604 1450 774 1539 plerosque
799 1449 918 1515 1111111111
943 1451 1065 1516 animos
1090 1452 1258 1520 invaserat

271 1559 474 1628 XXXVIII.
493 1559 605 1646 Neque
622 1557 725 1621 solum
741 1556 805 1620 illis
822 1557 925 1620 aliena
938 1567 1048 1623 mens¹
1065 1575 1142 1641 erat,
1155 1562 1211 1650 qui
1222 1587 1298 1628 con·
1345 1626 1347 1633 ,

224 1669 285 1736 scii
309 1667 539 1753 conjurationis
556 1664 701 1742 fuerant,
726 1663 781 1728 sed
805 1666 935 1730 omnino
960 1682 1076 1732 cuncta
1098 1668 1226 1758 plebes,
1242 1695 1298 1738 no-

223 1797 461 1849 rerumrerum
477 1773 600 1853 studio,
626 1772 783 1837 Catilinae
799 1773 947 1863 incoepta
962 1775 1118 1864 probabat
1137 1803 1143 1840 :
1168 1778 1203 1843 id
1218 1780 1297 1848 adeo

223 1876 311 1952 more
335 1908 393 1949 suo
416 1883 582 1949 videbatur
604 1880 716 1945 facero.
743 1881 824 1944 Nam
849 1905 973 1970 semper
996 1883 1029 1945 in
1054 1884 1201 1967 civitate,
1226 1888 1297 1976 qui-

224 1995 285 2060 bas
302 2016 377 2082 opes
397 1989 504 2054 nullae
521 2004 612 2070 sunt,
628 1989 742 2052 bonis·
757 1988 919 2070 invident,
935 1990 1035 2055 malos
1056 1992 1229 2073 extollunt3
1244 2020 1297 2069 ve,

223 2113 291 2171 tera
315 2099 426 2178 odere,
455 2120 538 2163 nova
562 2111 731 2185 exoptant,
756 2096 829 2160 odio
859 2120 990 2162 suarum
1014 2121 1122 2163 rerum
1145 2104 1156 2142 ³
1178 2105 1297 2170 mutari
1322 2096 1324 2100 ¹

212 2210 331 2275 emnia
354 2206 501 2282 student,
524 2204 617 2268 turba
649 2218 743 2292 atque
772 2203 981 2269 seditionibus
1011 2205 1080 2270 sine
1104 2232 1182 2272 cura
1206 2211 1296 2277 alun-

221 2330 293 2384 tur:
309 2316 461 2406 quoniam
482 2327 603 2402 egestas
621 2310 714 2375 facile
731 2310 866 2375 babetur
881 2313 893 2351 ⁴
908 2312 976 2376 sine
992 2312 1107 2378 damno
1120 2314 1137 2377 ⁵.
1154 2314 1228 2381 -Sed
1243 2344 1296 2384 ur-

220 2423 304 2491 bana
328 2423 436 2515 plebes
467 2444 504 2485 ca
537 2444 612 2486 vero
641 2443 794 2509 praeceps
818 2421 897 2485 icrat
914 2419 941 2500 ⁶,
967 2421 1075 2486 multis
1100 2422 1297 2493 de-caussisa

221 2533 367 2599 PrImum
382 2530 544 2608 omnium,
560 2528 616 2617 qui
632 2528 753 2616 ubique
772 2528 890 2617 probro
915 2542 1010 2618 atque
1032 2532 1208 2619 petulantia
1231 2559 1295 2601 ma-

219 2663 314 2706 xume
329 2637 548 2728 praestabant,
564 2636 640 2700 item
657 2636 710 2699 alii
726 2660 784 2724 pcr
799 2636 970 2717 dedecora,
985 2638 1186 2726 patrimoniis
1203 2643 1295 2708 amis-

219 2748 291 2824 sis3
313 2758 473 2834 postremo
498 2767 631 2824 omncs,
662 2767 742 2832 quos
773 2743 929 2833 flagitium
961 2759 1016 2809 aut
1043 2745 1169 2812 facinus
1200 2749 1297 2816 domo

219 2853 403 2943 expulerat,
427 2852 451 2914 ii
476 2852 636 2930 Romam,
659 2852 754 2916 sicuti
777 2853 811 2914 111
837 2854 994 2917 sentinam
1012 2854 1041 2934 ⁷,
1064 2854 1293 2922 confluxerant.

220 2961 347 3028 Deinde
371 2959 484 3038 multi,
508 2982 663 3023 memores
685 2959 838 3024 Sullanae
860 2961 1030 3043 victoriae,
1055 2962 1141 3052 quod
1165 2986 1203 3028 ex
1225 2989 1294 3054 gre.

219 3070 315 3161 g'ariis
335 3069 346 3107 ⁸
369 3068 525 3132 militibus
542 3067 622 3132 alios
639 3081 798 3132 senatores
815 3067 982 3148 videbant,
1007 3069 1085 3134 alios
1102 3069 1146 3135 ita
1162 3070 1294 3155 11111111,

218 3193 255 3244 ut
278 3177 365 3265 regio
388 3177 476 3244 victu
500 3190 596 3265 atque
619 3175 709 3240 cultu
735 3189 868 3239 aetatem
893 3191 1036 3264 agerent,
1061 3177 1120 3243 sibi
1145 3178 1295 3268 quisquc,

218 3287 247 3350 si
272 3286 313 3347 in.
329 3285 424 3348 armis
448 3283 547 3364 foret,
571 3308 608 3348 ex
624 3283 758 3349 victoria
775 3283 849 3351 talia
866 3285 1020 3373 sperabat.
1038 3285 1226 3366 Praeterea,
1245 3291 1294 3372 ju-

218 3407 344 3472 ventus,
356 3416 438 3481 quac
453 3393 487 3483 111
504 3391 587 3482 agris
604 3414 759 3456 manuum
774 3392 918 3456 mercede
934 3393 1077 3482 inopiam
1093 3394 1296 3476 toleraverat,

240 3610 250 3650 ι
273 3589 361 3659 Idest,
382 3611 398 3645 a
416 3588 585 3666 Republica.
794 3591 812 3647 6
832 3590 867 3646 In
887 3590 1028 3646 Catilinae
1049 3591 1207 3650 eonsilium.

237 3687 253 3722 2
275 3668 430 3735 Divitibus,
443 3687 475 3722 ac
484 3666 658 3742 potentibus.
794 3688 809 3744 7
824 3667 939 3723 Sentina
952 3667 1070 3743 proprie
1082 3681 1124 3722 est
1135 3688 1203 3743 pars
1211 3669 1292 3726 navis

236 3741 254 3798 3
274 3745 383 3800 Rerum
404 3762 521 3800 suarum
538 3763 612 3820 quae
637 3740 733 3799 nullae
773 3743 871 3799 infima
883 3744 913 3798 in
925 3764 1013 3819 quam
1025 3743 1291 3802 sordesomnesde-

218 3832 292 3877 sunt.
772 3821 882 3876 fluunt:
901 3818 948 3876 hic
960 3819 1156 3894 metaphorice
1169 3821 1292 3878 sumitur

236 3894 255 3963 4
275 3896 412 3950 Habetur
431 3914 485 3970 pro
506 3906 555 3950 cst.
771 3917 825 3972 pro
838 3896 1038 3971 improborum
1050 3890 1242 3972 receptaculo.
1283 3952 1286 3957 ,

237 3969 339 4026 51111111
349 3974 477 4027 amittere
489 3981 583 4046 potest
596 3971 645 4046 qui
655 3969 728 4027 nihil
786 3977 801 4028 8
822 3974 847 4028 Α
868 3992 952 4048 grege
966 3991 971 4020 =
994 3969 1288 4051 111111111111111111111110-4
1301 3988 1309 3995 ’“

215 4045 418 4116 lrabet,irn1uo
430 4059 514 4123 rapto
526 4045 636 4104 facilius
648 4047 726 4107 vivit.
766 4069 832 4105 rum
853 4047 933 4105 nulla
953 4046 1016 4105 laus
1037 4059 1086 4105 est.
