2888 4748
415 259 970 384 annuunsuunnrnmun
1157 295 1222 421 1³³

145 466 290 566 periculo
313 489 404 534 suam
428 467 579 547 salutem,
596 465 729 530 illorum
745 464 849 531 socios
865 463 942 531 fore.
960 465 1041 535 Nam
1058 466 1224 559 Leptitani

147 583 212 665 jam
232 576 307 642 inde
329 599 348 641 a
368 574 530 665 principio
545 573 621 640 b'elli
637 573 659 639 J
661 572 828 663 ugurthini
844 572 885 639 ad
901 572 1040 641 Bestiam
1056 576 1223 645 consulem

144 701 179 752 et
191 699 303 776 postea
317 685 453 750 Romam
469 683 640 763 miserant,
664 680 838 753 amicitiam
866 680 1111 771 societatemque
1132 706 1224 773 roga·

145 808 222 860 111111.
249 791 402 873 Deinde,
425 792 483 859 ubi
504 815 541 860 ea
564 792 759 881 impetrata,
783 811 908 879 semper
938 789 1017 854 boni
1049 788 1224 880 fidelesque

107 972 110 977 ,
145 923 309 983 mansere,
330 915 363 966 et
383 914 499 966 cuncta
521 922 540 964 a
560 899 687 979 Bestia,
704 898 826 964 Albino
850 897 1044 985 Metelloque
1068 898 1224 988 imperata

144 1008 387 1076 patefecerant
405 1007 518 1096 Itaque
541 1007 581 1072 ab
605 1006 795 1097 imperatore
815 1005 929 1085 facile,
946 1029 1028 1094 quae
1051 1007 1228 1095 petebant,

143 1116 260 1206 adepti.
278 1114 421 1180 Emissae
436 1137 474 1179 eo
490 1114 636 1180 cohortes
653 1115 812 1203 Ligurum
831 1109 970 1205 quatuor
991 1127 1022 1179 et
1040 1113 1076 1177 G.
1094 1113 1226 1180 Annius

146 1223 336 1314 praefectus.
1222 1265 1224 1268 -

190 1331 336 1396 LXXX.
361 1329 400 1395 Id
416 1329 570 1421 oppidum
587 1327 626 1392 ab
644 1329 785 1394 Sidoniis
804 1329 973 1395 conditum
989 1343 1153 1418 est,qu0s
1174 1350 1226 1398 ac·

140 1439 287 1528 cepimus
301 1437 455 1528 profugos
471 1438 512 1503 ob
527 1437 703 1507 discordias
719 1438 841 1519 civilis,
857 1438 996 1504 navibus
1013 1438 1047 1503 in
1063 1461 1118 1503 eus
1134 1439 1227 1516 locos

145 1547 283 1624 venisse;
299 1561 441 1612 ceterum
457 1546 555 1611 situm
570 1546 658 1612 iuter
672 1545 752 1611 duas
771 1546 903 1635 Syrtes,
922 1547 1040 1636 quihus
1055 1569 1172 1612 nomen
1189 1567 1227 1617 ex

142 1679 178 1722 re
192 1673 202 1698 ¹
216 1654 362 1720 inditum
388 1655 471 1720 Nam
486 1654 550 1719 duo
566 1669 642 1742 sunt
658 1654 748 1719 sinus
763 1677 867 1745 prope
884 1655 918 1718 in
937 1668 1077 1720 extrema
1094 1652 1226 1735 Africa,
1286 1675 1288 1689 ¹

142 1763 271 1852 inpares
286 1761 528 1852 magnitudine,
543 1763 615 1851 pari
631 1777 767 1826 natura:
797 1784 937 1850 quorum
951 1783 1109 1850 proxuma
1125 1775 1227 1828 terrae

141 1870 283 1960 praealta
299 1883 393 1951 sunt,
409 1884 533 1948 cetera,
550 1869 599 1934 uti
616 1867 681 1932 fors
698 1869 792 1949 tulit,
809 1870 892 1947 alta3
910 1867 974 1935 alia
990 1867 1024 1932 in
1040 1882 1228 1958 tempestate

141 1977 267 2044 vadosa.
284 1977 367 2040 Nam
388 1977 450 2040 ubi
472 1996 559 2040 mare
579 1997 731 2062 magnum
747 1999 817 2040 esse
833 1991 865 2040 et
880 1977 1004 2042 saevire
1021 1974 1129 2066 coepit
1149 1997 1223 2042 ven·

142 2084 201 2163 tis,
223 2083 336 2146 limum
360 2104 552 2172 arenamque
569 2098 600 2147 et
616 2106 690 2148 saxa
706 2082 850 2173 ingentia
867 2083 988 2149 fluctus
1006 2082 1156 2148 trahunt:
1180 2066 1225 2150 ita

142 2189 239 2255 facies
254 2189 399 2254 locorum
415 2168 489 2255 ciem
503 2190 606 2257 ventis
624 2190 720 2255 'simul
736 2205 898 2258 mutatur:
918 2192 1029 2278 Syrtes
1053 2189 1093 2254 ub
1117 2205 1223 2255 tractu

141 2298 334 2362 nominatae.
350 2297 433 2380 Ejus
448 2298 585 2364 civitatis
600 2303 610 2326 ¹
626 2297 737 2386 lingua
760 2298 857 2364 modo
883 2320 1038 2374 conversa
1061 2296 1223 2362 connubio

141 2403 354 2469 Numidarum
374 2431 381 2467 :
409 2405 517 2493 legum
533 2406 706 2493 cultusque
721 2406 876 2493 pleraque
896 2404 1069 2470 Sidonica:
1086 2428 1170 2494 quae
1185 2427 1225 2471 eo

140 2509 267 2575 facilius
289 2511 486 2591 retinebant,
511 2511 598 2600 quod
618 2511 795 2600 proculab
815 2511 955 2600 imperio
980 2511 1064 2600 regis
1090 2525 1225 2581 aetatem

148 2617 292 2706 agebant.
309 2618 397 2682 luter
411 2617 484 2684 illos
500 2633 532 2683 et
547 2618 747 2708 frequentem
764 2618 952 2685 Numidiam
966 2619 1061 2691 multi
1077 2618 1223 2708 vastique

145 2724 213 2790 loci
229 2739 328 2789 erant

192 2832 357 2897 LXXXI.
384 2832 466 2913 Sed,
481 2833 634 2922 quoniam
655 2835 691 2899 in
714 2834 773 2900 has
795 2833 942 2924 regiones
966 2857 1024 2925 per
1040 2833 1224 2926 Leptitano-

132 2962 218 3021 rum
250 2941 377 3030 negotia
407 2942 571 3022 venimus,
593 2964 660 3007 nou
683 2942 856 3032 indignum
880 2941 1032 3024 videtur,
1062 2937 1224 3033 egregium

143 3060 239 3134 atque
259 3047 404 3113 mirabile
428 3047 552 3114 facinus
577 3049 717 3116 duorum
735 3051 1053 3140 Carthaginiensium
1068 3073 1222 3117 memora·

143 3175 199 3228 re,
214 3174 284 3216 eam
303 3177 371 3218 rem
385 3177 444 3221 nos
458 3155 549 3223 locus
566 3158 740 3225 admonuit
761 3161 833 3244 Qua
851 3173 1039 3248 tempestate
1057 3157 1222 3248 Carthagi·
1259 3211 1262 3216 .

142 3257 272 3322 aienses
287 3261 464 3350 pleraeque
474 3264 604 3330 Africae
618 3267 859 3355 imperitabant,
876 3267 1080 3358 Cyrenenses
1093 3289 1222 3355 quoque

142 3365 250 3454 magni
267 3380 362 3454 atque
382 3371 528 3458 opulenti
548 3371 645 3437 fuere.
671 3373 760 3462 Ager
774 3375 809 3439 in
825 3375 950 3441 medior
969 3398 1140 3454 arenosus,
1156 3396 1221 3440 una

140 3472 265 3564 specie:
289 3496 393 3562 neque
417 3475 556 3557 flumen,
579 3503 683 3569 neque
707 3505 800 3548 mons
821 3500 907 3565 erat,
931 3484 987 3574 qui
1010 3481 1083 3548 finis
1106 3501 1218 3546 eorum

143 3581 357 3660 discerneret3
382 3607 463 3672 quae
483 3608 533 3651 res
550 3609 603 3652 eos
619 3588 654 3652 in
670 3612 786 3680 magno
802 3590 1022 3680 diuturnoque
1037 3589 1121 3654 hello
1137 3582 1221 3653 inter

164 3811 175 3846 1
197 3793 261 3849 Hoc
279 3806 323 3851 est
342 3815 378 3851 ex
396 3809 499 3854 natura
512 3817 562 3855 sua
574 3824 581 3868 ;
592 3821 659 3856 uam
718 3801 736 3859 3
756 3803 836 3859 Inter
856 3801 1146 3878 Carthaginienseset
1158 3801 1218 3879 ey·

143 3870 239 3941 Syrtis
252 3890 363 3946 graece,
372 3871 459 3930 latine
471 3876 559 3933 traho
573 3878 659 3954 signi-
697 3898 832 3936 remenses
865 3878 999 3955 planities
1033 3878 1121 3936 nullis
1149 3888 1219 3935 *erat

141 3941 217 4001 licat.
323 3997 325 4003 ,
698 3955 845 4014 montibus
862 3967 912 4013 aut
929 3955 1097 4015 lluralnibus
1117 3953 1218 4012 dietim

134 4054 146 4060 -
163 4036 181 4076 n
201 4018 279 4079 Idest
289 4046 297 4089 1
318 4025 545 4103 Leptitanorum.
700 4043 754 4088 eta.
