2888 4748
393 311 584 380 BELLUM
609 309 952 379 CATILINARIUM
1167 311 1210 397 [47

134 501 307 554 venturum
322 484 504 574 pollicetur,
517 506 554 548 ac
568 482 679 574 paullo
695 495 769 546 ante
784 482 904 570 legatos
927 501 965 544 ex
987 478 1067 544 urbe
1082 477 1210 568 profici·

134 596 243 659 scitur.
261 593 419 657 Lentulus
435 615 510 656 cum
525 586 1012 677 hisT.Volturcium'quemdam
1022 587 1211 651 Crotonien-

136 725 203 766 sem
219 708 228 732 ¹
244 701 360 781 mittit,
382 715 419 764 ut
436 699 643 788 Allobroges,
659 698 749 786 prius
766 719 862 786 quam
878 695 1009 759 domum
1023 708 1214 784 pergerent,

135 832 210 875 cum
228 808 387 889 Catilina,
402 807 475 872 data
491 821 587 896 atque
603 820 734 894 accepta
748 803 830 885 fide,
846 803 1027 869 societatem
1043 799 1211 867 coufirma-
1233 814 1236 819 “

135 931 213 981 rent.
224 915 476 1006 lpseVolturcio
491 914 611 980 litteras
629 914 669 977 ad
686 912 859 978 Catilinam
874 912 928 976 dat
938 937 946 974 :
957 932 1094 1000 quarum
1109 930 1212 974 exem·

134 1024 227 1114 plum
243 1024 327 1088 infra
344 1023 576 1113 scriptumest:
595 1025 671 1104 Quis
687 1024 760 1098 sim,
776 1046 820 1084 ccc
836 1045 894 1099 eo,
910 1043 1004 1106 quem
1020 1019 1063 1081 ad
1079 1034 1108 1082 te
1124 1018 1213 1097 misi,

132 1155 309 1218 cognosces.
327 1136 356 1194 F
355 1155 392 1192 ac
409 1133 537 1215 cogites,
553 1133 586 1193 in
602 1146 725 1217 quanta
740 1130 924 1193 calamitate
941 1129 997 1206 sis,·
1013 1142 1045 1190 ct
1060 1128 1211 1190 meminc·
1282 1130 1286 1139 ’

133 1242 200 1318 ris,
216 1256 246 1302 tc
263 1241 362 1302 virum
378 1262 465 1316 essc3
481 1239 674 1316 consideres,
690 1238 769 1324 quid
785 1254 858 1300 tace
875 1239 1015 1300 rationes
1029 1234 1212 1321 postulent:

134 1347 299 1410 auxilium
312 1363 404 1433 petas
420 1345 460 1408 ab
478 1346 636 1424 omnihur,
652 1348 749 1409 etiam
765 1345 804 1408 ab
822 1345 948 1429 infimis.
968 1343 1020 1408 Ad
1035 1342 1109 1424 hoc,
1125 1363 1214 1407 mamb

136 1453 210 1518 data
225 1453 331 1521 verbis
347 1454 418 1519 dat:
434 1479 506 1518 cum
522 1454 562 1518 ab
579 1470 691 1519 senatu
708 1455 805 1517 hostis
815 1453 981 1538 judicatus
997 1454 1123 1537 sit,quo
1140 1476 1215 1515 con-

133 1562 208 1625 silio
232 1565 358 1626 servitia
380 1563 552 1649 repudiet?
568 1564 602 1624 in
619 1562 696 1626 urhe
710 1578 828 1648 parata
852 1586 918 1625 esse
931 1612 941 1640 ,
956 1585 1039 1647 quac
1057 1561 1214 1646 jusserit:

134 1696 174 1734 ne
191 1687 358 1733 cunctetur
373 1673 439 1756 ipse
454 1673 587 1757 propius
603 1670 768 1734 adcedere.

181 1778 305 1843 XLVI.
332 1779 391 1842 His
416 1779 510 1842 rebus
533 1779 577 1841 ita
601 1778 700 1857 actis,
721 1777 893 1842 constituta
910 1790 1021 1855 nocte,
1037 1799 1101 1863 qua
1116 1771 1217 1863 profi:

135 1885 347 1963 eiecerentur,
371 1886 503 1963 Cicero,
519 1907 577 1974 pcr
592 1885 711 1973 legatos
728 1899 844 1949 cuneta
860 1883 1009 1963 edoctus,
1025 1884 1062 1946 L.
1080 1882 1216 1948 Valerio

115 2067 116 2070 Ἴ
136 1992 253 2056 Flacco
267 2007 299 2056 ct
315 1993 351 2054 C.
369 1992 520 2056 Pontinio
537 1992 738 2080 praetoribus
753 1991 900 2080 imperat,
914 2005 950 2054 ut
965 1990 998 2052 in
1014 2004 1112 2079 ponte
1128 1990 1215 2056 Mul·
1259 2037 1262 2041 ψ

103 2105 108 2111 “
133 2098 216 2178 vio',
232 2122 289 2187 per
304 2098 448 2180 insidias,
466 2096 679 2188 Allobrogum
694 2098 863 2164 comitatus
879 2096 1129 2187 deprehendant:
1145 2120 1215 2164 rem

136 2228 264 2270 omnem
285 2205 409 2296 aperit,
430 2209 523 2290 cujus
540 2207 641 2296 gratia
656 2207 889 2272 mittebantur:
913 2220 1036 2286 cetera,
1058 2205 1107 2269 uti
1129 2204 1216 2270 sactu

136 2337 217 2403 opus
234 2312 286 2394 sit,
301 2313 346 2378 ita
362 2329 466 2403 agant,
482 2316 646 2405 permittit.
659 2315 813 2378 Homines
829 2313 980 2378 militares
996 2313 1063 2376 sinc
1073 2311 1216 2377 tumultu

134 2421 303 2511 praesidiis
320 2422 505 2503 conlocatis,
517 2423 612 2487 sicuti
627 2436 833 2510 praeceptum
849 2434 927 2500 erat,
944 2419 1067 2483 occulte
1082 2432 1216 2508 pontem

135 2528 296 2593 obsidunt.
320 2529 496 2618 Postquam
519 2527 613 2593 adid
636 2528 699 2592 loci
720 2527 816 2617 legati
838 2550 914 2592 cum
928 2526 1099 2594 Volturcio
1119 2547 1215 2592 vene·

136 2648 230 2715 runt,
254 2649 286 2699 et
301 2636 397 2700 simul
412 2636 574 2725 utrimque
590 2636 710 2700 clamor
726 2650 853 2700 exortus
869 2650 935 2699 est:
953 2634 1058 2716 Galli,
1080 2633 1143 2699 cito
1162 2657 1215 2699 co·

135 2742 223 2831 guito
240 2743 386 2823 consilio,
403 2744 471 2808 sine
486 2740 575 2808 mora
590 2744 790 2835 praetoribus
807 2766 839 2809 se
855 2742 993 2808 tradunt.
1011 2741 1218 2823 Volturcius,

135 2852 238 2939 primo
260 2851 443 2916 cohortatus
467 2866 605 2932 ceteros,
625 2851 730 2942 gladio
747 2875 781 2916 se
796 2875 815 2914 a
829 2850 1036 2915 multitudine
1052 2848 1213 2929 desendit;

136 2959 230 3039 (lein,
252 2958 308 3022 ubi
325 2982 342 3022 a
358 2959 468 3048 legatis
485 2958 628 3024 desertus
651 2974 715 3040 est,
731 2959 831 3023 multa
854 2959 944 3049 prius
967 2957 1006 3022 de
1029 2958 1131 3023 salute
1153 2981 1213 3022 sua

138 3065 323 3129 Pontinium
341 3069 526 3146 obtestatus,
542 3067 630 3156 quod
645 3066 674 3133 ei
690 3082 784 3131 notus
801 3081 883 3146 erat,
903 3080 1064 3155 postremo
1079 3064 1214 3131 timidus

138 3195 175 3237 ac
189 3173 273 3237 vitae
288 3172 454 3254 diffidens,
469 3175 558 3240 velut
572 3173 738 3255 hostibus,
754 3196 822 3238 sese
837 3173 1038 3264 praetoribus
1055 3173 1149 3238 dedit

181 3278 324 3343 XLVII.
350 3281 476 3362 Quibus
492 3281 587 3344 rebus
603 3281 768 3360 confectis,
782 3280 1041 3370 omnia'propere
1056 3305 1114 3371 per
1130 3302 1213 3346 nun·

134 3387 201 3449 cios
219 3384 343 3448 consuli
359 3385 568 3450 declarantur.
581 3386 625 3451 At
639 3387 732 3451 illurn
746 3388 857 3476 ingens
879 3411 957 3452 cura
980 3402 1076 3477 atque
1091 3389 1212 3453 laetitia

134 3492 229 3556 simul
254 3514 470 3580 occupavere3
486 3515 560 3555 narn
580 3493 757 3558 laetabatur
773 3495 972 3584 intellegens,
988 3498 1210 3580 conjuratione

134 3600 302 3690 patefacta,
318 3599 478 3666 civitatem
493 3600 644 3689 periculis
660 3617 802 3692 ereptam
818 3626 904 3669 csse:
920 3627 1016 3694 porro
1033 3618 1139 3668 autem
1155 3626 1210 3666 an·

157 3833 167 3868 r
192 3813 274 3868 Duae
286 3812 403 3868 fuerunt
420 3812 508 3868 urbes
524 3813 554 3868 in
571 3813 653 3871 Italia
713 3833 729 3871 a
750 3815 842 3872 Hodie
856 3818 953 3872 Ponte
968 3816 1067 3883 molle,
1080 3815 1161 3873 abest
1171 3817 1209 3874 ab

136 3891 273 3947 Crotona
285 3890 457 3956 norrtinatae,
470 3889 556 3944 altera
567 3890 595 3944 in
605 3912 654 3945 cx·
693 3893 766 3949 urbe
788 3892 903 3948 duobus
924 3912 1063 3968 passuum
1082 3894 1210 3957 millibus

136 3977 226 4098 trutger
242 3965 375 4096 galubria
388 3965 424 4022 ad
442 3979 547 4036 ortum,
565 3965 652 4024 altera
691 3969 720 4025 in
733 3970 777 4027 viu
790 3967 938 4051 Flaminia,¹
1173 3990 1176 3994 “

135 4062 166 4097 m
215 4061 243 4096 m
266 4061 314 4100 rra.
