2888 4748
397 371 588 478 ennium
611 368 956 479 Jnoummuun
1151 380 1213 468 to,

189 522 314 592 cxlx.
339 520 393 591 At
416 548 453 590 en
479 524 570 591 Sulla
592 549 652 617 pro
668 549 702 594 oe
717 525 857 593 breviter
873 540 904 592 et
919 521 1062 602 modice3
1079 522 1118 589 de
1133 549 1213 616 paee

141 646 173 698 et
195 633 234 699 do
250 633 473 701 communibus
488 635 585 724 robus
600 634 711 700 multis
726 633 886 699 disseruit.
903 631 1053 720 Denique
1068 633 1137 721 regi
1152 657 1209 723 pa-

140 739 262 821 tefecit,
284 741 371 829 quod
390 743 585 828 polliceatur
595 748 623 824 ¹,
637 759 785 808 senatum
801 758 834 806 et
846 741 1000 830 populum
1017 743 1211 820 Romanum,

141 852 293 935 quoniam
317 850 457 937 amplius
481 854 580 916 armis
604 852 796 931 valuissent,
818 874 884 915 non
906 850 939 913 in
957 850 1062 937 gratia
1084 847 1212 913 habitu·

140 979 191 1020 ros
205 983 214 1020 ε
227 958 426 1041 faciundum
450 958 590 1047 aliquid,
613 960 701 1047 quad
715 960 847 1024 illorum
868 958 968 1046 magio
985 972 1010 1038 ¹,
1033 981 1130 1044 quam
1154 980 1215 1021 tua

138 1064 285 1130 retulisse
310 1065 488 1145 uideretur3
511 1068 547 1131 id
568 1068 649 1133 adeo
673 1071 708 1133 in
730 1084 858 1157 promtu
874 1092 960 1147 esse,
983 1069 1136 1155 quoniam
1152 1069 1211 1130 Ju-

137 1173 272 1257 gurthae
297 1165 451 1258 eopiam³
472 1174 626 1241 haberet:
655 1201 750 1263 quem
779 1179 809 1242 ei
831 1179 982 1242 Romanis
1009 1174 1217 1253 tradidisset,

59 1348 61 1353 ,
129 1280 221 1362 sore,
245 1295 282 1345 ut
304 1281 358 1345 iiii
378 1281 555 1371 plurimum
571 1283 764 1350 deberetur:
787 1289 979 1365 amicitiam,
992 1283 1131 1368 fhedus,
1147 1287 1220 1365 itiu-i

139 1388 256 1453 midiae
278 1405 429 1477 partem,
453 1416 550 1478 quam
574 1417 662 1458 nuno
683 1409 829 1480 peteret,
852 1411 930 1459 tune
953 1394 1038 1457 ultro
1063 1392 1221 1458 aduentu·-¹

137 1513 216 1559 ram.
242 1497 311 1562 Rex
333 1498 439 1589 primo
455 1500 619 1590 negitare:
635 1502 851 1588 adfinitatem,
866 1505 1101 1589 cognationem,
1120 1525 1223 1589 praet
1243 1592 1246 1597 ,
1314 1516 1318 1524 ’

137 1617 226 1668 terea
239 1607 362 1689 faedus
387 1610 592 1676 intervenisse
607 1607 641 1674 ⁴:
664 1612 711 1676 ad
731 1612 792 1676 hoe
805 1628 965 1702 metuere,
981 1634 1022 1675 ne
1034 1609 1217 1695 fluoeafide

139 1734 214 1776 usus
228 1716 436 1802 popularium
452 1719 577 1782 animos
592 1735 769 1797 auerteret3
785 1721 876 1805 queis
893 1734 925 1782 et
944 1717 1104 1803 Iugurtha
1120 1740 1218 1784 carus

135 1836 168 1883 et
190 1825 327 1888 Romani
349 1825 442 1887 invisi
465 1840 578 1888 essent.
605 1825 758 1913 Denique
783 1825 912 1913 saepius
936 1822 1108 1912 fatigatur,
1134 1825 1217 1890 leni-

137 1940 211 2006 tur;
235 1944 266 1994 et
288 1955 333 1994 ea·
356 1931 519 1995 uoluntate
537 1931 650 1995 Sullae
668 1931 776 1994 omnia
798 1955 832 1995 ee
846 1932 1019 2016 fauturum
1042 1931 1218 2021 promittit·

140 2035 291 2100 Ceterum
315 2035 357 2100 ad
381 2037 594 2102 simulandam
612 2059 744 2128 punem,
768 2041 864 2122 eujus
885 2039 1046 2120 Numida,
1069 2037 1215 2106 defessus

137 2136 235 2222 bello,
251 2143 468 2225 avidissimus,
491 2168 575 2235 qnae
599 2144 692 2212 utilia
714 2145 796 2230 riso,
820 2146 1030 2213 constituunt
1056 2145 1116 2212 Itu·
1129 2168 1215 2211 eom·

136 2248 242 2339 posito
267 2251 360 2333 dolo,
384 2252 616 2342 digrediuntur.

182 2358 291 2423 CXX.
317 2359 363 2425 Ar
385 2383 440 2424 rex
463 2375 592 2450 postero
607 2361 847 2452 dievAsparem,
863 2354 1045 2450 iugurthae
1060 2361 1215 2452 legatum,

137 2461 297 2555 adpellnt3
321 2467 463 2557 dicitque
486 2491 545 2558 per
571 2470 736 2533 Dabarem
759 2492 797 2533 ex
814 2467 906 2532 Sui'la
922 2469 1101 2558 cognitum,
1119 2493 1214 2556 posse

134 2573 369 2642 conditionibus
393 2575 514 2640 bellum
542 2579 643 2662 poni:
668 2575 878 2666 quamobrem
901 2576 988 2665 regis
1011 2577 1063 2642 sui
1087 2589 1214 2642 senten·

137 2680 214 2744 tiam
229 2681 416 2771 exquireret.
433 2683 495 2749 Ille
509 2684 613 2749 laetus
629 2683 663 2748 in
674 2695 784 2748 eastra
799 2682 983 2771 Jugurthne
997 2683 1095 2750 venit
1111 2683 1214 2767 Deinq

137 2788 177 2853 de
201 2787 321 2854 abillo
346 2805 464 2856 ennete
491 2791 645 2872 edoctus,
671 2802 843 2880 Properate
872 2788 1005 2870 itinere,
1030 2789 1105 2879 poit
1127 2789 1214 2875 diem

136 2911 285 2964 octavum
308 2897 391 2964 redit
407 2897 448 2963 etl
463 2897 632 2964 Bocchum
642 2926 653 2977 3
677 2908 709 2962 et
731 2895 762 2963 ei
785 2897 936 2979 nunciat,
950 2897 1142 2985 ,Iugurtham
1157 2922 1212 2979 eu·

132 3028 209 3089 pere
225 3009 347 3088 omnia,
370 3017 454 3095 quae
470 3008 718 3094 imperarentur,
730 3007 870 3090 saeere3
893 3007 951 3071 red
966 3009 1072 3071 Murio
1094 3009 1211 3092 parum

129 3114 254 3197 fidere:
269 3140 364 3202 saepe
380 3132 478 3181 antea
493 3140 566 3180 eum
582 3113 827 3202 imperatoribus
843 3116 994 3179 Romanis
1007 3136 1120 3200 paoem
1136 3136 1212 3176 eon·

135 3237 259 3299 veritam
273 3225 403 3306 frustra
417 3230 429 3268 ⁸
442 3223 560 3308 fuisse.
586 3228 734 3289 Ceterum
751 3221 909 3302 Booehus,
924 3224 953 3286 si
967 3219 1120 3286 ambobus
1135 3244 1211 3285 uon-

156 3497 168 3533 1
191 3475 327 3533 Senatum
345 3486 372 3534 et
388 3475 532 3555 populum
545 3474 652 3536 Roma·
710 3476 728 3535 3
749 3478 894 3550 Quoniam
913 3475 1089 3556 Jugurrhtm
1105 3476 1136 3532 in
1155 3495 1209 3553 po·

134 3568 216 3623 num,
226 3554 276 3629 qui
287 3555 373 3611 ermis
382 3557 440 3630 jam
451 3553 582 3623 vicerint,
592 3575 653 3612 non
691 3567 792 3612 testate
810 3555 939 3615 haberet.

135 3643 306 3720 accepturos
325 3631 417 3694 veluti
447 3631 560 3698 ratium,
573 3632 653 3706 quod
710 3632 828 3702 dlnter
857 3633 954 3708 ipsum
976 3642 1004 3687 et
1022 3625 1207 3700 Jugurthum.

49 3711 51 3716 '
135 3719 263 3764 oratione
284 3727 335 3764 sua
356 3651 487 3764 Boacias
508 3705 652 3781 pollicitus
711 3707 728 3764 5
750 3708 839 3763 Sicuti
851 3707 1074 3784 paxsactacum
1082 3703 1209 3781 Calpur·

134 3793 194 3836 est:
214 3782 348 3841 videlicet
375 3784 472 3862 ipsum
499 3782 536 3839 ab
565 3784 652 3840 armis
690 3785 739 3840 nio
759 3783 854 3839 Bestia
873 3779 990 3840 consule
1008 3792 1037 3836 et
1054 3799 1121 3836 cum
1132 3779 1208 3837 Aulo

135 3851 336 3919 discessurum.
403 3899 409 3903 -
689 3861 794 3926 fratre3
821 3878 890 3914 nam
918 3868 1034 3914 senatus
1053 3869 1209 3931 utramque

135 3963 138 3969 ⁴
156 3949 172 3988 2
193 3933 280 4002 Quod
299 3937 389 4012 magis
408 3935 488 4006 utile,
506 3947 593 4012 atque
613 3935 651 3992 ad
689 3934 865 4013 improbarit
885 3946 914 3990 et
924 3932 1057 4007 rescidit3
1069 3933 1152 3994 sicuti
1162 3932 1205 3996 ti·

135 4028 175 4085 po
198 4009 279 4066 ulum
308 4012 472 4069 Romanum
504 4012 650 4089 pertinere
688 4031 759 4072 eum.
772 4023 817 4071 est
835 4029 932 4090 supra.
1014 4068 1016 4071 .

135 4030 278 4159 vidintur,
298 4107 387 4164 quem
406 4088 445 4146 nd
463 4088 619 4153 Bocchum,
