2888 4748
311 386 313 397 ,
405 319 592 392 sanatur
615 313 953 388 Jucuaruruuu
994 265 1016 399 f
1169 323 1231 388 103

164 477 209 544 ad
231 473 385 567 oppidum
410 470 547 553 Suthul,
569 472 626 538 ubi
641 469 725 562 regis
739 469 881 535 thesauri
896 483 994 535 crant.
1013 469 1109 554 Quod
1124 495 1236 560 quam.

167 608 263 678 quam
286 600 317 653 ct
347 584 476 654 saevitia
502 580 679 672 temporis,
708 591 740 643 et
769 576 1005 667 obportunitate
1035 577 1099 643 loci
1129 602 1236 668 neque

166 693 258 784 capi,
280 716 383 784 neque
407 690 546 757 obsideri
568 701 716 780 poterat:
741 707 815 750 nam
831 684 953 750 circum
969 707 1116 766 murum,
1140 682 1239 754 situm
1311 725 1313 729 ·

167 800 201 866 in
224 800 390 892 praerupti
412 799 529 864 montis
552 810 708 874 extremo,
730 791 884 883 planicies
907 791 1020 857 limosa
1044 791 1239 859 hiemalibus

167 908 260 998 'aquis
283 907 433 999 paludem
455 905 596 970 fecerat:
620 918 725 968 tamen
749 914 805 965 aut
828 897 999 964 simulandi
1025 898 1147 986 gratia,
1170 924 1239 989 quo

167 1015 236 1104 regi
252 1014 461 1083 ‚formidinem
482 1011 633 1091 adderet,
656 1023 712 1074 aut
735 1003 886 1095 cupidine
910 1028 1023 1070 caecus
1048 1004 1089 1070 ob
1112 1004 1239 1073 thesau-

75 1169 78 1173 -
167 1143 221 1186 ros
245 1120 355 1210 oppid
377 1117 524 1209 potiundi
547 1119 656 1183 vineas
677 1115 788 1204 agere!¹
803 1161 812 1191 ,
828 1113 997 1200 aggerem¹
1013 1115 1135 1197 jacere,
1160 1114 1238 1188 alim

63 1245 66 1250 ’
163 1249 250 1316 que,
273 1250 355 1315 quae
378 1227 505 1314 incepto
528 1224 602 1288 usui
626 1223 748 1299 forent,
771 1242 951 1308 properare.
1175 1292 1177 1297 .

214 1334 322 1399 XLII.
349 1333 394 1399 At
416 1330 597 1420 Jugurtha,
620 1328 747 1418 cognita
764 1327 1014 1415 vanitateatque
1029 1327 1179 1417 inperitia
1193 1331 1239 1397 le·

167 1441 249 1529 gati,
273 1440 427 1506 subdolus
443 1442 512 1522 ejus
529 1460 648 1527 augere,
659 1433 852 1500 amentiam:
876 1433 1033 1499 missitare
1053 1436 1239 1525 supplican-

167 1547 208 1612 tis
231 1548 373 1637 legatos:
397 1548 489 1637 ipse,
513 1545 604 1634 quasi
627 1541 844 1621 vitabundus,
867 1563 925 1629 per
949 1541 1088 1606 saltuosa
1110 1543 1181 1608 loca
1205 1560 1239 1612 et

167 1655 308 1727 tramites
332 1656 504 1721 exercitum
528 1653 665 1718 ductare.
682 1649 831 1736 Denique
852 1645 975 1713 Aulum
998 1672 1055 1740 spe
1077 1650 1239 1739 pactionis

169 1763 330 1852 perpulit,
344 1761 408 1842 uti,
424 1760 534 1824 relicto
552 1756 707 1835 Suthule,
726 1755 760 1818 in
776 1753 898 1819 abditas
913 1756 1059 1845 regiones
1082 1779 1168 1839 sese,
1183 1782 1239 1825 ve·

167 1866 218 1932 lut
240 1870 428 1947 cedentem,
451 1866 696 1952 insequeretur:
720 1861 764 1923 ita
792 1859 906 1925 delicta
928 1856 940 1895 ³
961 1862 1136 1928 occultiora
1158 1863 1238 1929 fore.

169 1973 294 2043 Interea
316 1997 374 2064 per
396 1971 540 2035 homines
564 1968 696 2033 callidos
720 1967 770 2031 die
794 1981 957 2058 noctuque
980 1971 1154 2036 exercitum
1169 1985 1238 2036 ten·

169 2081 280 2155 tabat:
305 2076 507 2150 centuriones
531 2075 693 2164 ducesque
717 2089 893 2139 turmarum
916 2077 1052 2165 partim,
1068 2076 1116 2141 uti
1135 2090 1237 2143 trans·

136 2193 138 2196 ’
169 2184 334 2275 sugerent,
358 2190 580 2272 corrumpere3
604 2180 678 2262 alii,
702 2170 792 2271 signo
816 2181 907 2264 dato,
929 2178 1037 2248 locum
1051 2184 1098 2248 uti
1114 2183 1237 2250 desere-

168 2307 247 2359 rent.
257 2294 347 2376 Quae
360 2305 529 2379 postquam
545 2313 582 2354 ex
596 2290 751 2354 sententia
765 2290 925 2369 instruxit,
940 2291 1129 2378 intempesta
1143 2305 1238 2355 nocto

168 2398 208 2464 de
230 2399 405 2488 inproviso,
420 2396 625 2461 multitudine
644 2394 872 2474 Numidarum,
889 2395 967 2460 Auli
983 2411 1086 2462 castra
1101 2397 1237 2460 eircum-

168 2505 264 2571 venit.
282 2505 402 2569 Milites
413 2503 575 2583 Romani,
597 2502 738 2592 perculsi
752 2502 892 2567 tumultu
908 2503 1056 2584 insolito,
1081 2527 1168 2567 arma
1184 2528 1237 2567 ca·

167 2632 245 2701 pere
269 2611 342 2689 alii3
358 2610 412 2675 alii
428 2632 461 2674 sc
477 2608 610 2688 abdere;
624 2629 698 2699 pars
714 2608 840 2673 territos
856 2607 1062 2687 confirmarc3
1078 2610 1237 2699 trepidare

170 2716 318 2782 omnibus
341 2717 440 2793 locis;
463 2716 649 2806 vislmagna
672 2715 813 2781 hostium
837 2741 844 2779 ε
876 2718 1001 2809 coelum
1025 2731 1117 2781 nocte
1141 2733 1238 2806 atque

166 2822 311 2906 nubibus
336 2823 559 2888 obscuratum:
575 2823 756 2912 periculum
772 2846 905 2913 anceps:
928 2839 1087 2914 postremo
1111 2824 1238 2914 fugere,

169 2952 211 2994 an
234 2927 502 3011 manere,'tutius
525 2929 626 3011 foret,
648 2931 683 2993 in
706 2931 828 2996 incerto
847 2946 922 2997 erat
941 2931 1006 2996 Sed
1020 2955 1058 2996 ex
1073 2955 1110 2997 eo
1126 2953 1237 2996 nume-

168 3060 224 3117 ro,
249 3063 329 3126 quos
352 3037 460 3127 paullo
482 3051 554 3101 ante
574 3051 741 3126 corruptos
757 3036 913 3122 diximus,
929 3039 1042 3104 cohors
1057 3062 1122 3104 una
1137 3039 1237 3127 Ligu·
1279 3054 1287 3069 '

168 3165 241 3207 rum
260 3144 290 3225 ⁴,
314 3167 387 3209 cum
418 3145 542 3209 duabus
570 3146 684 3209 turmis
710 3144 871 3209 Thracum
894 3159 926 3210 et
948 3146 1060 3235 paucis
1083 3145 1238 3234 gregariis

168 3248 343 3331 militibus,
366 3252 518 3314 transiere
533 3250 573 3316 ad
589 3274 694 3340 regem
713 3277 720 3314 :
745 3265 776 3315 et
791 3252 935 3316 centurio
951 3252 1047 3341 primi
1061 3252 1121 3343 pili
1142 3251 1158 3290 ⁸'
1176 3267 1237 3318 ter·
1315 3253 1319 3261 '

191 3433 202 3469 r
226 3414 269 3468 De
281 3413 371 3471 vineis
383 3413 448 3469 vide
460 3433 524 3488 pag.
539 3418 575 3486 89
586 3427 645 3473 not.
659 3431 683 3469 2.
742 3413 760 3485 4
782 3416 928 3472 cohortes
944 3437 979 3472 ex
987 3416 1153 3492 peditibus,
1172 3426 1237 3471 tur·

79 3548 83 3559 ,
189 3507 205 3545 a
225 3490 365 3565 Aggerem
384 3489 547 3574 jaciebant,
565 3489 616 3618 qui
638 3511 685 3545 ae·
723 3511 839 3579 m“⁰.⁶'.‘
858 3493 1005 3569 equitibus
1021 3506 1110 3578 eraut:
1124 3490 1236 3547 haeve-

170 3579 272 3640 quaret
304 3584 453 3620 murorum
483 3563 563 3618 altitu
586 3585 685 3635 mern,
723 3587 756 3622 ro
769 3580 882 3642 triginta
894 3582 1005 3625 tantum
1015 3566 1159 3643 equitibus
1168 3585 1243 3622 con*

170 3659 315 3716 superque
338 3654 430 3697 turres
449 3639 635 3709 exstruebant,
653 3653 685 3696 ut
724 3643 845 3699 stabant.

170 3729 198 3771 ct
218 3717 354 3791 oppidani
373 3715 434 3772 telis
451 3729 636 3793 peterentur,
657 3729 685 3772 et
742 3717 759 3774 5
780 3717 954 3793 Prirnipilus,
975 3737 1024 3774 seu
1037 3714 1237 3790 centurioprr‘·

169 3803 294 3848 caeteras
305 3792 450 3848 machinas
461 3804 524 3848 tuto
533 3789 685 3850 admovere
722 3798 762 3850 mi
767 3795 825 3868 pitz·
833 3793 951 3868 legionis
957 3792 1083 3868 aquilam
1093 3792 1238 3862 tuebatur,

170 3865 275 3924 liceret.
723 3882 752 3926 et
762 3869 894 3925 omnibus
904 3871 1044 3945 cujusque
1053 3866 1161 3926 ordinis
1170 3887 1237 3930 cett-

167 3939 204 4078 J3
226 3941 379 4075 Sirtqplatae
390 3942 532 4022 pactionis
542 3941 610 4000 Auli
618 3963 686 4000 cum
723 3945 886 4003 turiouibus
896 3956 1037 4023 praeerat.

188 4037 262 4094 ugur
297 4039 320 4078 a.
