2888 4748
247 341 294 405 ab
541 334 578 399 C.
605 333 754 399 CRISPI
780 329 1024 396 SALLUSl'll

251 503 335 554 etum
358 484 548 550 inimicum¹
575 484 634 547 Cn.
660 484 815 572 Pompojo
840 495 1054 569 cognoverat:
1083 501 1189 568 neque
1213 495 1322 549 tamon

251 609 379 661 senatus
401 591 600 683 provinciam
623 591 744 654 invitus
768 588 918 652 dederat:
934 588 1056 676 quippe
1071 585 1201 653 foedum
1216 589 1322 654 homi-
1359 571 1363 580 ⁴
1396 615 1400 620 ·

249 725 324 766 uem
348 725 366 765 a
390 701 569 791 Republica
592 697 706 788 procul
730 697 840 760 abesse
858 695 1002 761 volebat:
1019 695 1133 775 simul,
1150 697 1226 784 quia
1241 697 1323 762 boni

252 810 432 898 complures
455 805 651 897 praesidium
674 805 709 868 in
733 827 771 868 eo
794 803 968 893 putabant:
984 817 1016 866 et
1039 807 1104 886 jam
1127 817 1197 867 tum
1211 819 1327 893 poten·

252 917 297 980 tia
322 917 381 980 Cn.
407 913 553 1003 Pompeji
576 911 781 977 formidolosa
805 925 872 975 erat
886 913 907 974 ¹.
934 910 998 974 Sed
1021 910 1049 975 is
1073 911 1150 976 Piso
1182 912 1216 974 in
1249 936 1326 1002 pro·

253 1017 433 1103 vineiam³,
456 1021 495 1086 ah
518 1020 679 1110 equitibus
704 1019 857 1108 Hispanis
885 1041 967 1106 quos
990 1017 1025 1080 in
1049 1018 1190 1082 exercitu
1213 1018 1325 1083 ducta-

254 1130 328 1207 bat,
351 1131 410 1193 iter
433 1128 570 1208 faciens,
594 1126 719 1191 occisus
742 1141 797 1190 est
825 1125 910 1189 Sunt
923 1124 980 1213 qui
1004 1125 1050 1189 ita
1073 1125 1200 1205 dicant,
1223 1125 1325 1216 impe-

255 1236 303 1299 ria
325 1240 394 1320 ejus
417 1237 554 1320 injusta,
577 1233 732 1323 superba,
756 1232 915 1312 crudelia,
938 1233 1118 1298 barbaros⁴
1138 1232 1327 1322 nequivisse

256 1342 338 1432 pati:
363 1343 418 1407 alii
441 1356 562 1422 autem,
579 1342 701 1431 equites
725 1341 813 1420 illos,
832 1340 890 1403 Gn.
910 1341 1058 1429 Pompeji
1081 1354 1203 1405 veteres
1226 1339 1323 1407 fidos·

257 1473 319 1538 qne
340 1451 489 1531 clientes,
503 1450 668 1516 voluntate
687 1452 758 1533 ejus
774 1448 926 1512 Pisonem
947 1447 1129 1537 adgressos:
1145 1471 1325 1537 numquam

257 1558 417 1647 llispanos
439 1573 602 1648 praeterea
625 1557 688 1621 tale
710 1556 836 1622 facinus
860 1555 993 1636 fecisse,
1012 1556 1068 1621 sed
1080 1557 1215 1646 imperia
1232 1579 1328 1623 saeva

256 1665 356 1730 multa
381 1681 471 1730 antea
494 1688 669 1755 perpessos.
694 1664 760 1729 Nos
783 1687 854 1728 earn
876 1688 945 1729 rem
967 1665 1001 1728 in
1018 1664 1124 1729 medio
1138 1670 1150 1707 ⁵
1165 1664 1329 1753 relinque·
1351 1751 1356 1758 ¹

257 1794 338 1837 mus.
365 1774 416 1839 De
439 1773 598 1863 superiori
622 1773 843 1857 conjuratione
868 1773 944 1838 satis
968 1773 1099 1838 dietum.

303 1881 382 1945 XX.
401 1881 555 1960 Catilina,
570 1880 626 1944 ubi
639 1904 712 1960 eos,
725 1905 806 1969 quos
824 1881 934 1970 paullo
949 1895 1022 1945 ante
1036 1883 1230 1962 memoravi,
1249 1905 1328 1947 con·

258 1989 381 2054 venisse
398 1987 502 2066 videt,
525 1988 649 2053 tametsi
663 2011 737 2052 cnm
754 1988 889 2078 singulis
905 1990 1006 2053 multa
1021 2013 1115 2079 saepe
1139 2004 1263 2080 egerat3
1280 2004 1331 2054 ta·

259 2118 331 2160 men
355 2095 389 2159 in
415 2119 482 2160 rem
505 2092 597 2159 fore⁶
621 2095 752 2161 eredens
776 2097 945 2162 universos
971 2096 1132 2187 adpellare
1156 2113 1188 2164 et
1214 2098 1326 2164 eohor-

257 2203 335 2282 tari,
359 2204 391 2266 in
418 2203 556 2267 abditam
580 2217 703 2292 partem
718 2203 845 2267 aedium
870 2205 1017 2284 secessit,
1032 2221 1127 2296 atque
1143 2207 1207 2286 ibi,
1225 2206 1327 2271 omni-

257 2311 316 2376 bus
332 2307 473 2376 arbitris⁷
486 2312 600 2401 procul
615 2310 744 2392 amotis,
759 2311 936 2375 orationem
952 2311 1175 2397 hujuscemodi
1194 2313 1326 2378 habuit:

262 2421 300 2483 nt·
330 2422 425 2483 virtus
447 2419 597 2506 fidesque
622 2435 723 2484 vestra
754 2436 898 2506 spectatu
926 2421 1005 2484 milei
1024 2423 1161 2506 serent,
1188 2420 1324 2506 nequid-

257 2551 352 2612 quam
379 2544 556 2613 opportuna
578 2551 628 2590 res
652 2528 839 2606 cecidissem
861 2553 933 2614 apes
957 2554 1072 2614 magna
1095 2528 1328 2593 dominationis

257 2635 291 2695 in
315 2635 460 2698 titanibus
473 2635 603 2718 frustra
615 2635 758 2719 suisset:
773 2660 876 2722 neque
892 2661 947 2722 ego
969 2661 1028 2722 per
1045 2638 1203 2723 ignaviam
1220 2649 1249 2715 ⁸,
1267 2651 1327 2699 aut

282 2834 293 2868 1
318 2813 459 2889 Sperabat
479 2815 553 2871 enim
574 2816 702 2892 Pompeii
721 2837 775 2894 po·
833 2816 1248 2895 SScilicetHispaniam.Cum
1257 2819 1297 2873 Po
1320 2861 1328 2874 .

260 2889 377 2946 tentiam
389 2911 441 2965 per
453 2891 584 2947 Pisonem
595 2893 776 2950 imminutam
813 2893 960 2950 Romanus
970 2895 1245 2970 nationemaliquam
1252 2839 1330 2950 hello

259 2967 302 3022 iri.
325 2967 433 3040 Cnejus
453 2966 518 3022 Piso
538 2988 604 3024 eum
624 2969 775 3025 Manilium
814 2969 973 3038 domuerat,
987 2991 1048 3026 eam
1080 2971 1331 3048 lerumqucmagi·

264 3043 402 3118 Crispum
422 3062 504 3098 reum
531 3057 627 3119 ageret
652 3065 777 3122 eumque
816 3047 952 3102 stratibus
964 3048 1021 3102 suis
1033 2992 1213 3122 subjiciebat,
1222 3060 1250 3102 et
1260 3067 1330 3123 pro-

260 3117 407 3175 evidenter
418 3132 578 3190 nocentem,
591 3121 680 3198 gratia
693 3123 777 3177 Pom·
815 3123 938 3180 vinciam
959 3122 1131 3198 appellabat.

260 3195 335 3267 poii,
356 3194 465 3252 videret
477 3196 565 3272 eripi,
585 3198 704 3272 juvenili
723 3198 778 3253 im·
835 3197 853 3268 4
872 3199 935 3254 Mos
946 3197 1026 3273 apud
1036 3200 1181 3254 Romanos
1193 3197 1260 3260 fuit,
1279 3200 1331 3273 qui

259 3283 330 3344 petu
352 3284 380 3326 et
400 3270 494 3327 studio
506 3274 692 3329 accusationis
704 3295 773 3350 pro·
812 3293 865 3331 nec
892 3274 995 3330 Graeci
1021 3296 1076 3330 uec
1101 3276 1195 3330 Latini
1220 3288 1331 3344 essent,

260 3357 360 3403 vectus
381 3345 470 3402 multa
490 3360 518 3402 et
538 3350 634 3423 gravia
655 3350 774 3406 crimina
812 3349 953 3404 barbaros
974 3351 1129 3426 appellare.
1408 3348 1412 3355 ¹

282 3423 440 3497 raepotcnti
480 3423 621 3480 defensori
659 3426 771 3500 objecit.
832 3424 848 3481 5
874 3426 917 3480 lta
946 3439 978 3481 ut
1006 3427 1110 3500 cuique
1138 3425 1262 3481 liberum
1283 3425 1329 3494 sit,

259 3441 323 3554 l'al.
338 3498 412 3553 Max.
425 3498 442 3554 l.
455 3499 480 3554 6.
501 3520 524 3555 c.
547 3519 570 3554 a.
589 3500 660 3557 lude
680 3502 775 3556 inimi·
815 3500 895 3576 quod
914 3501 993 3570 velit,
1015 3501 1147 3572 credere..

262 3575 344 3630 citiae
357 3574 487 3631 Pisonem
507 3575 580 3631 inter
604 3590 632 3632 et
652 3578 774 3653 Pompe·
832 3580 850 3633 6
867 3576 912 3632 Ad
924 3577 1075 3635 utilitatem
1086 3577 1197 3634 consilii
1207 3577 1251 3633 sui
1261 3597 1329 3653 per-

261 3653 330 3726 jum.
672 3689 676 3697 -
813 3653 912 3709 tinere.

278 3727 435 3782 nTantam
449 3727 601 3802 Pompojus
613 3729 772 3803 potentiam
831 3748 847 3806 7
869 3730 1013 3786 Omnibus
1039 3728 1184 3807 expulsis,
1210 3741 1327 3804 praeter

259 3800 313 3856 sibi
333 3816 548 3878 comparaverat
560 3824 593 3858 ex
606 3804 692 3859 rebus
704 3825 772 3879 pro·
811 3824 860 3860 eos
885 3807 935 3881 qui
964 3808 1007 3862 sui
1035 3805 1143 3863 consilii
1172 3805 1330 3881 participes

262 3897 343 3953 spere
364 3880 447 3952 gostis
469 3878 605 3934 adversus
622 3880 772 3935 Mithrida·
812 3895 908 3937 erant:
931 3883 1031 3938 arbitri
1044 3884 1180 3939 dicuntur
1192 3881 1242 3956 qui
1260 3880 1328 3935 alie-

259 3964 326 4019 tom‚
339 3967 370 4008 ut
383 3955 489 4010 Romae
501 3955 649 4011 timeretur
659 3976 696 4011 ne
713 3956 773 4016 vel·
812 3978 866 4012 nae
886 3958 935 4011 rei·
948 3960 1029 4032 quasi
1049 3971 1135 4014 testes
1156 3958 1307 4012 intersunt.

259 4025 297 4083 let
311 4029 526 4107 llempublicam
547 4050 696 4109 ocerrpure.
832 4037 848 4089 8
869 4032 956 4102 Idest,
976 4033 1105 4090 homines
1126 4034 1252 4110 ignavos.
