2888 4748
296 406 299 411 ,
397 333 588 400 BELLUM
611 332 954 401 JUGURTHINUM
1151 342 1215 410 163

186 484 312 553 CXIII.
340 483 471 570 Quibus
490 484 587 550 rebus
610 483 767 573 cognitis,
795 484 945 550 Bocchus
968 509 1026 575 per
1049 485 1172 556 litteras
1198 516 1217 559 a

139 593 244 658 Mario
267 591 399 684 petivit,
423 605 460 656 ut
485 591 610 656 Sullam
634 591 675 664 ad
699 615 733 658 se
757 593 915 672 mitteret3
940 597 1035 677 eujus
1059 596 1219 682 arbitratu

137 701 178 767 de
202 699 428 766 communibus
443 699 580 788 negotiis
596 699 827 765 consuleretur.
845 698 878 764 ls
894 701 1011 766 missus
1026 703 1103 769 'cum
1126 729 1217 794 prae·

137 808 220 874 sidio
251 809 397 898 equitum
428 821 523 896 atque
552 806 717 898 peditum,
746 807 948 880 funditorum
980 809 1163 877 Balearium
1187 823 1218 881 ¹:

136 930 301 1007 praeterea
324 916 390 981 iere
419 916 575 1005 sagittarii
605 929 638 981 et
665 914 781 982 cohors
812 894 947 1006 Peligna
975 939 1051 1012 cum
1078 918 1219 998 velitari-

137 1025 199 1090 bus
214 1024 365 1102 'farmis,
388 1022 513 1088 itineris
529 1023 725 1114 properandi
741 1047 873 1090 caussa:
890 1047 996 1114 neque
1019 1025 1069 1092 his
1096 1037 1220 1110 secusl,

138 1146 235 1222 atque
259 1129 331 1195 aliis
354 1130 469 1210 armis,
493 1129 665 1198 advorsum
689 1131 753 1198 tela
774 1130 937 1212 hostium,
960 1132 1049 1220 quod
1072 1157 1110 1199 ea
1133 1135 1219 1202 levia

141 1254 235 1320 sunt,
258 1236 383 1303 muniti
412 1237 477 1303 Sed
498 1237 533 1302 in
547 1238 683 1320 itinere,
700 1240 833 1329 quincto
850 1239 989 1329 denique
1003 1240 1073 1321 die,
1088 1242 1219 1322 Volux,

141 1345 230 1412 filius
254 1345 393 1426 Bocchi,
416 1360 547 1436 repente
563 1347 598 1410 in
615 1349 737 1437 campis
752 1348 937 1438 patentibus
958 1372 1033 1414 cum
1048 1349 1137 1415 mille
1152 1372 1220 1413 non

143 1454 281 1544 amplius
304 1453 467 1543 equitibus
492 1477 571 1520 sese.
584 1455 742 1529 ostendit:
768 1457 825 1544 qui
840 1471 959 1537 temere
975 1471 1007 1522 et
1023 1455 1126 1523 effuse
1142 1478 1221 1520 eun·

143 1577 205 1642 tes,
230 1561 339 1627 Sullae
359 1561 495 1653 aliisque
515 1547 665 1629 omnibus
681 1579 713 1629 et
729 1587 900 1634 numerum
922 1564 1111 1655 ampliorem
1126 1587 1223 1647 vero,
1285 1582 1287 1586 “

142 1684 173 1736 et
194 1669 342 1734 hostilem
365 1685 487 1736 metum
511 1671 700 1738 efficiebant.
719 1673 822 1761 Igitur
838 1697 871 1738 se
887 1673 1026 1762 quisque
1051 1671 1223 1762 expedire}

142 1800 229 1842 arma
252 1792 347 1867 atquc
370 1778 434 1842 tela
457 1793 597 1857 tentare,
620 1777 802 1849 intendere:
819 1779 915 1843 timor
936 1779 1139 1866 aliquantus,
1165 1778 1224 1844 sed

142 1908 212 1974 spes
236 1886 390 1974 amplior,
415 1886 535 1974 quippe
559 1884 762 1963 victoribus,
786 1899 817 1948 et
841 1884 1013 1952 advorsum
1038 1909 1114 1968 eos,
1139 1906 1224 1975 quus

141 2016 236 2080 saepe
251 1993 403 2057 vicerant.
420 1993 554 2056 Interim
570 1991 706 2080 equites,
722 1992 921 2081 exploratum
936 1993 1121 2082 praemissi,
1136 2016 1222 2077 rem,

142 2099 193 2169 uti
217 2112 302 2178 erat,
327 2099 468 2187 quietam
485 2100 656 2169 nunciant.

193 2206 319 2275 CXIV.
344 2207 453 2276 Volux
476 2208 650 2284 adveniens
672 2222 875 2298 quaestorem
896 2207 1054 2298 adpellat:
1078 2205 1226 2295 dicitque

141 2339 175 2380 se
201 2341 222 2379 a
245 2333 336 2403 patre
354 2317 478 2382 Boccho
495 2319 619 2382 obviam
636 2319 703 2382 illis
723 2319 821 2383 simul
843 2334 876 2382 et
897 2317 1060 2403 praesidio
1077 2317 1219 2383 missum.

143 2423 270 2493 Deinde
294 2448 368 2489 eum
392 2440 423 2490 et
436 2449 631 2516 proxumum
646 2425 732 2491 tliem
756 2424 825 2488 sine
840 2438 934 2488 metu⁴
943 2423 1115 2507 cunjuncti
1131 2437 1220 2488 eunt.

142 2531 240 2611 Post,
264 2533 321 2595 ubi
345 2548 448 2598 eastra
471 2534 576 2599 locata
600 2548 632 2601 et
648 2533 713 2598 diei
728 2555 843 2623 vesper
866 2547 955 2610 erat,
978 2545 1111 2622 repente
1128 2532 1223 2596 Mau·

141 2661 219 2719 rus,
242 2639 365 2704 incerto
388 2641 480 2707 vultu
504 2666 640 2733 parens,
665 2641 707 2706 ad
732 2641 857 2706 Sullam
887 2638 1029 2705 adcurrit
1057 2639 1225 2728 dicitque,

143 2748 206 2812 sibi
228 2773 273 2813 cor
296 2750 550 2834 speculatoribus
573 2754 756 2838 cognitum,
779 2749 970 2842 Iugurtham
994 2749 1083 2812 houd
1104 2746 1223 2834 procul

144 2856 266 2935 obesse-
290 2857 400 2936 simul,
424 2874 520 2923 noctu
545 2860 629 2924 elom
653 2884 760 2924 secum
782 2860 985 2944 profugeret,
1005 2873 1096 2943 rogat
1119 2873 1222 2942 atque

145 2964 299 3030 hortatur.
326 2965 387 3031 llle
410 2966 519 3033 animo
542 2966 662 3049 feroci,
686 2981 781 3056 negat
805 2990 839 3031 se
862 2969 954 3030 toties
967 2968 1084 3050 fusum
1109 2965 1222 3031 Numi-

141 3073 216 3137 dam
238 3078 484 3161 pertimescere:
508 3079 616 3141 virtuti
639 3102 768 3141 suorum
784 3079 863 3140 sutis
878 3075 1006 3139 eredere
1023 3070 1064 3137 ⁴5
1078 3075 1175 3136 etiam
1191 3071 1223 3136 ri

145 3186 365 3268 certa-pestis⁵
379 3187 519 3265 adesset,
533 3211 720 3251 mansurum
734 3188 842 3272 potius
850 3233 861 3264 ‚
878 3207 973 3271 quom
986 3181 1123 3268 proditis
1140 3203 1225 3268 quoe

166 3458 176 3492 r
200 3437 346 3493 Baleares
365 3437 440 3495 duae
460 3453 528 3495 sunt
540 3439 660 3510 insulae,
701 3443 790 3498 eitra.
807 3439 957 3498 Velitaria
969 3437 1139 3495 armafuere
1160 3433 1221 3510 gla-

142 3514 229 3571 hodie
250 3516 400 3588 Majoroo.
414 3527 443 3570 et
462 3518 606 3572 Minores
631 3517 662 3573 in
701 3515 775 3584 dius,
794 3536 853 3591 quo
874 3516 1016 3591 punctim,
1029 3534 1095 3570 uon
1112 3511 1222 3569 caesim

143 3593 216 3666 mari
235 3589 464 3661 Mediterranco,
491 3595 574 3668 cujus
594 3593 662 3650 olim
701 3593 874 3661 utebantur,
894 3592 1010 3660 hastae,
1032 3603 1061 3646 et
1081 3607 1191 3664 parma.

143 3668 254 3725 incolae
276 3667 440 3745 peritissimi
459 3668 578 3733 luerunt
596 3671 662 3727 fuu-
720 3667 738 3725 3
758 3670 859 3745 Neque
871 3668 916 3724 his
928 3668 1015 3723 armis
1027 3667 1121 3720 minus
1133 3681 1223 3738 quam

145 3743 258 3803 ditores.
702 3745 764 3802 aliis
784 3746 887 3802 muniti
907 3755 989 3800 erant
1008 3741 1147 3799 adversus
1166 3738 1223 3795 ho·

163 3824 322 3896 aPeligni
358 3819 460 3899 populi
497 3821 596 3877 Italiae
632 3821 663 3877 in
702 3823 789 3878 stium
808 3822 880 3890 tela,
901 3840 976 3896 quae
996 3830 1079 3875 eraut
1098 3816 1182 3874 levia.

143 3896 303 3974 Apenninis
323 3899 470 3956 montibus
490 3898 565 3954 inter
577 3899 660 3954 Ater·
718 3896 850 3968 dIdcst:
872 3899 940 3955 satis
961 3894 1114 3953 confidere.

142 3993 215 4029 num
235 3987 264 4034 et
276 3975 414 4050 Sagmm,
428 3995 554 4052 quorum
574 3985 663 4052 caput
719 3972 737 4031 5
758 3974 876 4037 Etiamsi
887 3986 983 4036 certus
994 3972 1127 4038 interitus
1138 3966 1221 4028 ade&

143 4062 205 4111 erat
222 4049 403 4128 cofinum,
417 4051 504 4114 hodie
523 4051 661 4112 Abrurzo
701 4062 751 4117 set.
