2888 4748
237 309 282 395 9⁸
463 305 567 371 tc.
592 304 740 373 crustu
765 303 1007 376 succussu

235 457 377 523 nondum
392 458 488 523 etiam
505 481 556 522 ros
571 459 797 525 dominationis
813 484 919 525 earum
935 463 1065 525 satietas
1081 474 1193 524 tenet:
1218 476 1251 528 et
1266 459 1310 527 il·-

234 569 269 631 la
286 584 316 647 ¹,
332 591 428 654 quam
444 566 523 630 baec
537 573 549 598 '
564 584 725 655 tempora,
740 562 839 654 magis
851 569 1002 654 placent,
1016 591 1087 648 cum
1103 591 1306 655 regna,vpro·
1335 622 1339 633 .

234 678 379 755 vinciae,
396 675 498 760 leges,
509 678 586 759 jura
597 725 605 754 ‚
615 676 763 759 judicie,
785 676 870 739 bella
892 692 988 762 atque
1009 698 1125 761 paces,
1145 690 1304 760 postremo

232 781 343 846 divina
367 799 399 846 et
421 783 562 846 bumana
584 786 690 847 omnia
710 808 808 870 penes
829 808 948 869 paucos
972 798 1084 846 erant:
1104 806 1154 845 uos
1175 799 1281 847 autem
1293 830 1304 862 ,

233 891 293 955 lroc
309 905 376 968 est,
389 889 527 975 populus
545 892 704 955 Romanus
717 941 726 970 ,
741 892 851 954 invicti
865 891 904 953 ab
921 890 1084 969 hostibus,
1098 891 1303 976 imperatores

232 1000 377 1062 omnium
404 999 574 1082 gentium,
600 1001 677 1062 satis
701 997 866 1087 habebatis
887 1000 1027 1061 animam
1051 998 1196 1060 retinere.
1221 1001 1303 1063 Nam

230 1107 415 1169 seruitutem
430 1104 558 1189 quidem
574 1107 645 1191 quis
660 1121 795 1169 restrum
810 1128 957 1168 recusare
969 1103 1231 1189 audebatPAtque
1247 1127 1302 1187 ego

231 1213 361 1302 tametsi
376 1211 440 1273 viro
448 1210 746 1297 flagitiosissumum
763 1215 920 1275 existumo
936 1213 1055 1297 inpune
1076 1212 1227 1294 injuriam
1250 1233 1303 1273 ac-

231 1320 367 1404 cepisse3
383 1334 489 1382 tamen
505 1343 555 1382 ros
571 1318 750 1382 bominibus
764 1319 1025 1382 sceleratissumis
1041 1319 1215 1403 ignoscere,
1226 1340 1304 1403 quo·

231 1426 322 1489 niam
339 1427 419 1487 eires
435 1440 530 1504 sunt,
549 1450 651 1511 aequo
667 1428 774 1489 animo
787 1441 937 1512 paterer,
953 1427 1016 1488 nisi
1035 1423 1253 1489 misericordia
1268 1424 1302 1485 in

229 1533 406 1618 perniciem
422 1555 536 1594 casura
552 1548 641 1596 esset.

280 1637 447 1703 XXXVI.
471 1642 552 1702 llam
575 1654 607 1704 et
630 1639 697 1724 illis
708 1688 718 1717 ,
733 1653 887 1725 quantum
909 1618 1147 1725 inportunitatis
1163 1635 1280 1700 babent
1291 1677 1303 1715 ,

228 1769 347 1833 perum
363 1760 411 1809 est
425 1746 545 1829 inpune
561 1747 786 1830 malefecisse,
801 1748 865 1809 nisi
879 1745 993 1810 deinde
998 1744 1154 1829 faciundi
1169 1745 1301 1807 licentia

232 1854 382 1937 eripitur,
397 1867 429 1916 et
445 1852 529 1916 robis
544 1850 860 1917 aeterna'solicitudo
876 1852 1073 1930 remanebit,
1089 1875 1159 1916 oum
1175 1849 1302 1914 intelle·

230 1962 313 2046 getis
336 1975 394 2025 aut
411 1941 608 2024 servieridum
628 1985 716 2040 esse,
736 1976 793 2024 aut
805 1985 864 2047 per
879 1984 991 2023 manus
1007 1955 1018 1994 ³
1033 1959 1210 2024 libertatem
1225 1958 1300 2020 reti·

232 2065 382 2130 nendum.
398 2071 480 2131 llam
495 2066 577 2150 fidei
600 2067 750 2153 quidem,
764 2083 822 2131 out
837 2067 1024 2131 concordiae
1040 2091 1123 2153 quae
1138 2089 1208 2152 spes
1228 2069 1299 2130 est?

232 2176 403 2240 Dominari
425 2173 478 2236 illi
499 2174 625 2253 volunt,
641 2198 690 2237 ros
712 2173 808 2237 liberi
829 2198 896 2238 esse
910 2200 918 2238 :
931 2174 1046 2257 facere
1071 2156 1278 2259 itti'injurias
1290 2223 1301 2254 ,

231 2306 285 2348 uos
298 2281 488 2369 probibere:
508 2296 664 2366 postremo
684 2281 778 2344 sociis
793 2282 900 2345 uestris
916 2282 1014 2344 veluti
1026 2281 1188 2360 lrostibus,
1204 2283 1298 2346 bosti-

232 2390 293 2455 bus
315 2414 373 2476 pro
397 2391 490 2453 sociis
514 2403 656 2452 utuntur.
673 2391 820 2452 Potestne
846 2389 880 2451 in
902 2404 967 2452 tarn
990 2388 1119 2458 divorsis
1141 2390 1297 2453 mentibus

231 2522 303 2585 poor
332 2513 390 2560 aut
419 2497 680 2561 amicitia‘esse?
705 2499 809 2577 Quare
833 2521 945 2560 moneo
967 2495 1136 2581 hortorque
1163 2521 1213 2560 vos
1225 2546 1235 2576 ,
1257 2521 1297 2561 ne

150 2592 153 2599 ,
231 2621 359 2670 tantum
374 2605 477 2668 scelus
493 2605 675 2689 inpunitum
690 2604 867 2669 dimittatis.
884 2610 954 2670 Non
967 2604 1136 2692 peculatus
1151 2607 1272 2670 aerarii
1289 2604 1300 2646 ⁴

224 2712 338 2802 sactus
353 2726 522 2798 est,·neque
535 2713 661 2796 pervim
670 2713 764 2776 sociis
778 2728 905 2800 ereptae
918 2713 1298 2800 pecuniac,quaequam·

233 2842 333 2906 quarn
352 2820 461 2904 gravia
484 2833 579 2897 sunt,
594 2834 700 2882 tamen
722 2820 949 2885 consuetudine
968 2822 1038 2904 jam
1051 2845 1110 2906 pro
1126 2821 1226 2884 nihilo
1242 2821 1297 2884 ba-

232 2925 358 2992 bentur.
375 2926 467 2989 Hosti
480 2949 644 2989 acerrumo
658 2927 784 3013 prodita
800 2930 905 2992 senati
922 2928 1117 3005 auctoritas,
1135 2927 1296 3013 proditum

233 3035 403 3120 imperium
434 3048 597 3100 restrum.-
624 3033 711 3097 domi
738 3021 934 3120 militiaeque
959 3032 1296 3119 Respublicavenatis

225 3143 412 3228 ficit.‹Quae
427 3143 492 3204 nisi
506 3142 650 3227 quaesita
665 3152 677 3189 ⁵
690 3157 784 3206 erunt
797 3189 807 3220 ‚
821 3142 885 3205 nisi
903 3140 1095 3203 vindicatum
1112 3143 1145 3206 in
1161 3145 1297 3223 noxios,

233 3247 315 3337 quid
335 3251 397 3312 erit
418 3249 599 3334 reliquum,
614 3251 677 3313 nisi
692 3265 727 3313 ut
742 3249 829 3327 illis,
845 3249 901 3333 qui
915 3250 1071 3333 easecere
1084 3298 1093 3328 ‚
1117 3251 1298 3315 obedientes

225 3357 399 3420 uiuamus?
415 3361 496 3421 Nam
512 3357 630 3445 inpune
647 3357 808 3444 quaelibet
814 3357 949 3440 facere,
964 3356 999 3419 id
1012 3373 1079 3435 est,
1095 3381 1201 3447 regem
1220 3383 1296 3424 esse.

234 3469 345 3552 Neque
361 3488 415 3551 ego
433 3488 503 3545 vos,
520 3467 675 3547 Quirites,
690 3466 809 3545 hortor,
824 3481 860 3528 ut
873 3465 992 3558 malitis
1008 3467 1082 3528 ciris
1098 3483 1211 3532 uestros
1224 3493 1296 3554 per·

255 3719 405 3790 1Quibus
441 3731 508 3796 post
548 3721 747 3779 Gracchorum
784 3720 928 3780 vindicare
946 3720 1012 3778 licet
1028 3721 1208 3779 iuobnoxios
1225 3741 1296 3799 pro·

233 3807 357 3854 mortem
383 3796 512 3873 oppressi
540 3796 653 3866 fuistis,
682 3817 748 3852 eum
784 3797 891 3854 ditores
910 3797 1102 3874 Reipublicae.

232 3873 321 3946 pauci
339 3883 470 3946 potentes
496 3873 526 3928 in
553 3873 667 3949 plebem
695 3871 746 3928 do·
803 3873 895 3931 3Per
913 3875 971 3931 vim
991 3887 1019 3930 et
1038 3895 1124 3931 arina.

233 3946 418 4005 minarentur.
802 3949 821 4020 4
841 3951 961 4005 Furtum
980 3949 1277 4030 pecuniae‘publicae.

252 4022 405 4092 :rQuibus
433 4026 479 4100 jus
507 4036 635 4083 vestrum
664 4023 746 4087 vobis
801 4025 950 4085 bludicio
970 4026 1106 4086 instituto.
