2888 4748
284 293 286 299 ’
337 273 340 280 ’
390 325 608 397 enatum
634 321 973 392 oarrmuatuuu
1186 319 1228 386 25

161 497 301 550 tentate:
322 503 401 571 opes
418 505 511 562 suas,
526 480 715 568 imparatam
730 476 994 567 Rcmpuhlieam‚
1009 493 1123 562 magna
1138 495 1229 562 prae-

160 593 225 656 mia
249 588 479 674 conjurationis
503 588 624 653 dooere.
650 586 718 651 Ubi
741 584 818 650 satis
849 583 1012 673 explorata
1040 595 1115 646 sunt
1146 602 1229 670 quae

160 698 282 780 voluit,
304 699 339 761 in
363 720 465 762 unum
489 696 592 761 omnis
617 708 790 773 convocat,
809 692 927 782 quibus
950 712 1098 755 maxuma
1122 711 1228 753 neces-

161 805 267 870 situdo
288 824 296 848 ¹
329 820 360 871 et
389 805 566 895 plurimum
595 799 747 867 audaciae
771 801 882 865 inerat.
908 800 956 862 Eo
981 820 1159 864 convenere
1182 819 1230 861 se·

160 913 277 977 natorii
300 912 421 978 ordinis
445 913 580 977 Publius
605 911 763 976 Lentulus
790 909 875 973 Sura
894 919 925 988 ¹,
949 906 1085 970 Publius
1110 903 1228 969 Autro-

156 1092 301 1150 candidati
320 1090 399 1149 fuere
417 1091 590 1161 Autronius,
603 1093 669 1150 Sul·
707 1090 762 1146 rati
781 1089 946 1165 frequentes
967 1086 1115 1155 adessent,
1136 1087 1174 1142 ita
1194 1100 1230 1144 ut

157 1168 202 1237 la,
232 1170 398 1243 Torquatus
426 1181 454 1224 et
482 1169 574 1226 Cotta.
602 1171 669 1225 Duo
709 1167 758 1240 qui
771 1165 890 1223 aderant
901 1186 995 1241 pauco
1006 1167 1138 1232 nu'mero,
1150 1163 1226 1221 mul-

155 1246 268 1322 priores
279 1245 412 1319 suffragia
423 1260 570 1314 emerunt,
591 1244 670 1302 ideo·
709 1243 744 1297 tis
756 1263 785 1299 se
798 1242 934 1298 custodiis
943 1243 1155 1300 circumventos
1164 1261 1227 1297 cer-

158 1342 216 1398 que
237 1320 332 1388 electi3
345 1321 394 1376 sed
407 1341 498 1395 quum
518 1342 534 1376 a
555 1342 672 1398 compe·
711 1332 828 1387 nentes,
849 1317 920 1372 nihil
941 1330 1052 1374 tentare
1077 1317 1140 1373 ausi
1161 1317 1226 1372 sint.

159 1397 293 1454 titoribus
305 1395 340 1453 dc
357 1397 466 1452 ambitu
484 1399 608 1454 accusati
629 1417 672 1454 es·
712 1395 824 1451 Deinde
837 1395 903 1450 Piso
916 1395 946 1449 in
958 1393 1127 1524 Hippaniam
1139 1412 1231 1523 quae·

158 1487 221 1530 sent
246 1486 333 1548 atque
364 1473 507 1538 convicti,
535 1474 673 1550 abrogata
713 1485 772 1528 stor
783 1472 884 1526 missus
896 1470 996 1538 fnit,a
1020 1468 1128 1524 nitente
1166 1488 1229 1524 ras-

155 1568 255 1605 eorum
265 1549 400 1606 electione
410 1561 590 1607 accusatores
601 1572 670 1607 con·
711 1567 757 1616 ⁸03
770 1568 804 1604 eo
816 1545 936 1605 consilio
947 1559 980 1602 ut
993 1545 1146 1620 Hispanias
1157 1564 1229 1620 pro-

157 1626 231 1681 sules
252 1627 339 1682 creati
358 1625 482 1681 suerunt.
501 1627 598 1697 Quare
610 1627 671 1682 Au·
710 1625 858 1700 rimasque
872 1623 980 1680 Gallias
994 1621 1030 1676 ad
1050 1641 1129 1676 arma
1150 1621 1228 1676 exci-

157 1701 268 1757 tronius
278 1715 307 1757 et
319 1700 408 1770 Sulla,
422 1702 476 1757 sibi
487 1701 601 1758 adscitis
613 1704 670 1759 Ca·
709 1713 760 1756 ret.
783 1700 924 1776 Sperabat
945 1698 1019 1755 enim
1041 1697 1179 1766 Crassus,
1197 1720 1230 1758 se

156 1777 257 1846 tilius,
284 1779 386 1834 Pisone
413 1777 671 1854 compluribusque
709 1774 1231 1851 perlectaRomaeconjurationousu-

157 1853 263 1928 quide
285 1874 337 1909 suo
358 1865 385 1908 et
396 1854 583 1930 Reipublicae
596 1868 672 1911 statu
711 1872 777 1907 rum
795 1853 896 1907 Pisone
917 1865 1016 1907 contra
1038 1851 1230 1924 Pompejum,

157 1929 285 1984 contenti
304 1949 363 1984 non
384 1942 481 1996 erant,
494 1929 672 1989 advmsarios
712 1929 758 1982 cui
771 1939 946 2002 cognoverat
957 1927 1099 1982 infestum.
1112 1925 1169 1983 Sed
1180 1929 1229 1984 Pi-

157 2005 278 2073 ulcisci‚
306 2018 334 2060 et
354 2005 542 2081 Reipublicae
569 2020 674 2063 statum
712 2023 781 2061 sone
801 2005 831 2059 in
851 2004 952 2059 itinere
964 2002 1130 2071 interfecto,
1147 2005 1230 2080 prior

158 2094 271 2136 mutare
284 2091 456 2148 statuerunt,
468 2084 592 2139 maxime
605 2103 673 2138 eon·
712 2080 873 2155 conjuratio
886 2080 964 2134 irrita
974 2080 1035 2134 suit.
1045 2079 1162 2135 Interim
1171 2081 1230 2136 Ca·

157 2156 202 2211 fisi
215 2157 336 2224 Crasso,
356 2154 467 2212 homini
486 2157 591 2228 nobili,
613 2180 673 2213 ma-
712 2156 793 2213 tilina
815 2176 845 2213 se
873 2156 903 2211 in
931 2154 1096 2232 proximum
1119 2176 1231 2213 annum

157 2232 240 2288 ximis
260 2231 374 2300 divitiis,
396 2252 505 2288 summa
525 2236 672 2312 potentio,
712 2232 962 2304 [DCLXXXIX]
978 2229 1158 2287 consulatum
1175 2252 1230 2307 pe·

156 2329 299 2365 novarum
310 2329 408 2366 rorum
420 2309 527 2385 cupido
538 2325 567 2368 et
585 2313 672 2366 Pom·
711 2322 770 2365 tero
790 2309 819 2363 in
832 2309 928 2364 animo
939 2305 1082 2372 habebat,
1095 2319 1122 2362 et
1135 2309 1229 2366 oravit

156 2387 224 2461 pejo
235 2386 350 2453 infesto;
363 2397 392 2440 et
404 2385 527 2442 Caesare
546 2388 596 2461 qui
613 2390 672 2462 jam
712 2384 884 2439 Ciceronem
895 2397 928 2438 ut
941 2403 1021 2438 suam
1035 2380 1231 2441 defensionem

156 2473 219 2516 tum
247 2462 324 2518 viam
344 2458 380 2514 ad
399 2461 595 2549 principatum
617 2461 671 2517 sibi
710 2461 784 2515 susci
808 2457 1229 2534 cret‚aquoCicero[utscri-

156 2536 310 2592 sternebat.
324 2537 480 2592 Decretum
491 2537 545 2592 tuit
556 2549 588 2592 ut
601 2558 669 2593 con·
709 2535 752 2594 bit
764 2479 805 2590 ad
813 2535 941 2590 Atticum
960 2533 978 2588 l.
995 2554 1017 2588 1.
1031 2540 1077 2606 2.]
1100 2555 1158 2590 non
1177 2536 1229 2590 ab·

154 2613 258 2687 jurati,
280 2612 341 2667 Kal.
361 2613 425 2666 Jan.
446 2613 477 2667 in
498 2613 606 2670 Senatu
627 2633 670 2669 es·
708 2611 862 2679 horrebat,
884 2624 916 2666 ut
934 2609 1090 2666 nobilitatis
1108 2614 1230 2687 gratiam

156 2701 219 2744 scut
239 2708 304 2745 cum
324 2687 403 2756 telis;
424 2706 573 2762 quumque
594 2689 668 2745 Cae·
708 2688 762 2742 sibi
775 2687 948 2755 conciliarct;
959 2685 1008 2741 sed
1018 2686 1152 2757 Catilina,
1162 2710 1228 2747 cor-

155 2784 202 2820 sar
222 2785 257 2820 ex
275 2762 399 2820 humero
410 2777 506 2839 togam
518 2765 668 2839 dejiceret,
708 2777 796 2840 rupto
825 2776 990 2819 accusatore
1016 2775 1045 2818 et
1063 2763 1230 2838 judicibus,

154 2840 368 2896 trucidarentur
381 2840 546 2915 Torquatus
558 2854 586 2896 et
599 2842 669 2897 Cot·
708 2860 767 2894 non
780 2840 858 2914 eguit
871 2839 1028 2896 defensore.
1039 2840 1121 2896 Dicta
1132 2863 1229 2912 causa,

156 2928 201 2983 ta,
213 2930 241 2973 et
252 2915 384 2972 nonnulli
396 2916 562 2972 Senatores:
583 2917 670 2972 Cras·
709 2916 860 2972 absolutus
880 2916 934 2972 suit
957 2915 1059 2970 eoderu
1079 2938 1162 2975 anno.
1174 2920 1229 2974 At·

157 3011 204 3047 sus
230 2991 374 3048 diceretur
396 2992 540 3060 Dictator,
562 2992 670 3049 Caesar
709 3004 804 3047 tamen
834 2993 908 3047 intra
937 2990 1078 3066 legitimos
1106 2992 1166 3050 dies
1196 2998 1228 3054 in

156 3069 290 3141 magister
300 3068 446 3143 equitum,
464 3069 622 3124 Autronius
642 3081 670 3125 et
709 3068 948 3143 competitoribus
961 3067 1085 3124 adscribi
1097 3090 1155 3126 non
1172 3093 1229 3147 po·

157 3143 236 3199 Sulla
257 3143 528 3218 consules,aliaque
548 3145 669 3202 innova·
709 3144 783 3199 tui't.
817 3144 915 3199 Creati
948 3145 1067 3199 fuerunt
1096 3148 1229 3204 consules

154 3232 256 3274 rentur
267 3222 297 3274 in
308 3219 477 3294 Republica.
492 3218 549 3274 Sed
561 3221 669 3276 Caesar
709 3219 816 3275 Caesar
836 3233 864 3274 et
885 3218 1012 3292 Figulus.
1041 3220 1095 3276 Hic
1124 3223 1225 3280 Catili-

151 3295 201 3350 illa
222 3294 266 3350 die
278 3296 416 3350 Crassum
435 3296 464 3349 in
478 3296 585 3351 Senatu
606 3317 665 3352 non
707 3314 761 3350 nae
782 3296 943 3369 conjuratio
964 3296 1073 3371 incipit.

154 3391 283 3438 cernens,
295 3370 407 3444 signum
419 3372 460 3425 uti
472 3385 664 3441 convenerat,
727 3391 736 3424 1
761 3372 815 3426 Hic
835 3392 889 3448 pro
911 3373 1079 3428 necessitate
1094 3374 1222 3449 ponitur.

152 3467 212 3502 nou
224 3446 301 3502 dedit
311 3471 318 3513 3
330 3465 479 3520 quumque
492 3466 536 3501 res
548 3447 578 3501 in
589 3447 663 3504 Non.
723 3465 739 3500 2
760 3447 887 3502 Vocatus
900 3447 952 3502 tuit
963 3450 1051 3516 Sura,
1064 3449 1142 3523 quod
1156 3470 1223 3505 cum

84 3576 86 3580 Α
153 3524 237 3579 Febr.
250 3521 336 3578 dilata
349 3534 436 3588 esset,
449 3521 523 3576 iuter
535 3541 583 3577 ens
595 3542 664 3579 con·
680 3536 684 3545 '
705 3525 865 3590 Questurae
875 3527 1025 3590 rationem,
1034 3526 1156 3599 pecunia
1164 3547 1220 3600 pu-

153 3600 283 3655 stitutum
303 3597 370 3663 fuit,
393 3609 424 3652 ut
445 3618 461 3651 a
482 3597 607 3653 Catilina
628 3600 665 3653 si·
705 3597 779 3653 blica
800 3599 947 3667 absumta,
966 3598 1085 3654 reddere
1096 3620 1155 3653 non
1167 3621 1220 3675 po·

152 3696 240 3750 gnum
261 3675 385 3730 daretur.
408 3673 483 3727 Cum
503 3672 533 3727 id
545 3673 667 3730 Senatus
705 3675 815 3741 tuisset,
828 3695 856 3730 se
869 3675 940 3728 dixit
953 3677 1059 3729 Suram
1072 3675 1221 3749 praebitu-

151 3753 363 3826 praesensisset,
375 3748 511 3805 validiore
545 3749 666 3806 raesidio
705 3769 787 3817 rum,
808 3764 840 3805 ut
867 3749 996 3806 solebant
1016 3752 1100 3826 pueri
1120 3753 1171 3826 qui
1191 3755 1222 3810 iu

152 3846 181 3883 se
194 3827 333 3883 tuendum
345 3825 463 3880 curavit.
481 3771 559 3879 Niliil
572 3838 667 3882 tamcn
705 3825 774 3881 ludo
794 3825 870 3902 pilae
882 3839 1055 3900 peccassent.
1072 3827 1139 3882 Post
1151 3849 1220 3884 con-

152 3904 321 3978 perterritus
339 3900 462 3963 Catilina
483 3901 596 3976 signum
617 3903 666 3957 de·
705 3901 830 3957 sulatum
851 3915 950 3957 senatu
968 3922 984 3954 a
1002 3902 1170 3959 censoribus
1182 3905 1221 3960 ob

155 3977 212 4045 dit,
232 3978 441 4052 imoimpotens
454 3977 540 4032 animi
555 3978 669 4054 signum
706 3996 812 4053 pravos
833 3996 926 4032 mores
947 3980 1053 4051 ejectus
1079 3978 1145 4034 fnit:
1168 3982 1219 4036 ite-

154 4052 293 4110 matnrius
305 4052 391 4125 dedit,
402 4066 555 4132 antequam
568 4058 668 4133 conju·
707 4074 772 4109 rum
792 4052 883 4114 factus
903 4067 1019 4131 praetor
1040 4057 1209 4129 conjuravit.
