2888 4748
239 252 322 372 '⁵210
579 300 752 367 onrrro
778 300 822 366 Μ.
846 297 1009 367 montn

297 457 341 520 11.
369 456 483 544 Itaque
507 477 616 519 omnes
639 477 823 519 concessere
843 456 908 538 jam
930 453 964 517 in
984 471 1163 543 paucorum
1187 450 1334 523 domina·

251 565 392 644 tionem,
417 563 473 652 qui
493 585 551 653 per
569 562 707 626 militare
730 562 871 625 nomen¹
893 561 1066 645 aerarium,
1086 560 1260 645 exercitus,
1281 587 1333 630 re·

250 696 333 764 gna,
357 669 541 762 provintias
566 691 780 758 occupavere,
803 682 835 733 et
858 691 964 734 arcem
987 667 1131 732 babent·
1155 692 1193 734 ex
1217 671 1334 760 spoliis

251 781 390 849 vestris:
415 802 491 844 eum
513 777 652 858 interim,
676 798 764 840 more
787 798 952 866 pecorum,
967 798 1025 843 vos
1040 775 1240 842 multitudo³
1264 780 1333 844 sin·

249 887 335 978 gulis
367 885 532 952 habendos
562 883 779 972 fruendosque
809 883 991 973 praebetis,
1022 884 1126 949 exsuti
1157 885 1331 970 omnibus,

250 1018 334 1086 quae
358 997 496 1078 majores
519 992 696 1081 reliquere:
720 990 784 1055 nisi
808 991 885 1080 quia
907 1006 1030 1058 vosmet
1052 992 1115 1082 ipsi
1130 1016 1188 1083 per
1212 993 1331 1059 suffra-

247 1103 319 1193 gia,
343 1089 391 1168 uti
414 1099 578 1190 praesides
603 1100 705 1181 olim,
727 1121 816 1166 nuno
838 1098 986 1165 dominos
1011 1099 1185 1166 destinatis.
1210 1102 1328 1191 ltaque

247 1231 437 1275 concessere
459 1208 539 1273 illuc
562 1229 692 1273 omnes:
716 1221 748 1273 et
770 1229 844 1272 mox
873 1206 900 1272 si
923 1222 1028 1274 vestra
1056 1208 1259 1298 receperitis,
1282 1209 1325 1274 ad

248 1341 305 1384 vos
329 1316 481 1381 redibunt
503 1314 658 1406 plerique.
674 1315 769 1380 Raris
786 1315 871 1380 enim
886 1326 898 1366 ⁴
913 1315 1039 1381 animus
1056 1329 1103 1380 est
1119 1316 1159 1380 ad
1175 1339 1224 1398 ea,
1240 1340 1327 1406 quae

193 1438 196 1445 '
245 1426 394 1516 placent,
419 1421 624 1492 defendenda.
643 1423 770 1487 Caeteri
792 1422 986 1488 validiorum
1006 1423 1161 1488 sunnila
1185 1425 1325 1490 dubium

245 1533 370 1598 habetis
388 1543 417 1612 ⁵,
440 1554 481 1597 ne
505 1528 642 1596 obficere
666 1528 745 1617 quid
773 1529 864 1596 vobis
889 1552 955 1594 uno
980 1531 1087 1594 animo
1111 1532 1324 1623 pergentibus

244 1641 365 1730 possit,
389 1662 470 1728 quos
492 1632 662 1726 languidos
686 1635 898 1725 socordesque
913 1638 1132 1727 pertimuere?
1151 1637 1222 1703 Nisi
1238 1637 1324 1705 forte

246 1749 284 1813 C.
311 1747 405 1812 Cotta
429 1770 466 1811 ex
489 1745 628 1810 factione
643 1743 747 1807 media
763 1744 895 1824 consul,
915 1743 1007 1810 aliter
1023 1767 1120 1834 quam
1136 1759 1223 1810 metu
1247 1748 1326 1831 jura

244 1855 402 1946 quaedam
425 1852 562 1919 tribunis
586 1852 689 1942 plebis
713 1851 872 1932 restituit,
897 1865 929 1918 et
953 1875 1149 1942 quamquam
1173 1854 1210 1919 L.
1238 1853 1325 1919 Sici·

243 1967 319 2029 nius
342 1963 465 2054 primus
488 1961 528 2026 de
551 1974 706 2051 potestate
728 1960 897 2025 tribunitia
919 1961 1011 2050 loqui
1034 1984 1150 2043 ausus,
1173 1985 1324 2028 mussan·

242 2073 330 2138 tibus
345 2071 448 2152 vobis,
472 2069 710 2136 circumventus
733 2083 819 2133 erat:
843 2083 950 2133 tamen
973 2069 1065 2159 prius
1088 2069 1138 2133 illi
1161 2069 1323 2138 invidiam

241 2195 400 2259 metuere,
424 2201 521 2267 quam
543 2201 600 2244 vos
623 2175 761 2260 injuriae
776 2190 959 2265 pertaesum
983 2191 1038 2243 est
1058 2176 1156 2260 Quod
1179 2200 1237 2267 ego
1262 2158 1322 2245 ne·

242 2311 326 2377 queo
352 2287 428 2351 satis
452 2284 582 2365 mirari,
608 2283 759 2367 Quirites.
785 2283 868 2347 Nam
891 2306 980 2374 spem
1002 2282 1121 2350 frustra
1145 2284 1245 2351 fuisse
1268 2286 1321 2352 in·

240 2395 415 2466 tellexistis.
449 2394 540 2458 Sulla
569 2407 716 2472 mortuo,
747 2390 804 2481 qui
835 2391 1004 2457 scelestum
1034 2393 1222 2482 inposuerat
1252 2418 1321 2460 ser-

239 2502 372 2583 vitium,
404 2500 501 2567 finem
531 2501 608 2565 mali
639 2499 833 2566 credebatis:
865 2515 954 2567 ortus
984 2516 1032 2568 est
1062 2501 1157 2591 longe
1189 2502 1319 2570 saevior

243 2611 388 2676 Catulus.
704 2668 750 2723 *L

285 2718 346 2780 Ill.
373 2717 545 2783 Tumultus
568 2718 764 2798 intercessit,
793 2719 896 2784 Bruto
927 2732 959 2784 et
983 2717 1123 2785 Aemilio
1148 2720 1316 2786 Mamerco

238 2849 340 2905 cosa,
363 2825 436 2890 dein
462 2826 498 2889 G.
526 2827 625 2891 Curio
649 2826 689 2890 ad
705 2827 824 2890 exitum
839 2851 942 2916 usque
963 2827 1099 2895 insontis
1116 2828 1238 2893 tribuni
1253 2827 1313 2892 do-

235 2935 376 2999 minatus
401 2948 455 2999 est.
481 2935 638 2998 Lucullus
663 2935 826 3024 superiore
842 2958 926 3000 anno
942 2936 1070 3024 quantis
1095 2936 1210 3000 animis
1234 2936 1321 3008 ierit

235 3043 271 3108 in
296 3045 332 3108 L.
351 3043 558 3127 Quinctium,
572 3042 696 3109 vidistis
710 3071 716 3108 ε
731 3059 870 3132 quantae
886 3042 1027 3132 denique
1042 3067 1130 3109 nuno
1144 3043 1225 3108 mihi
1240 3058 1310 3108 tur-

235 3151 295 3218 bae
311 3153 526 3219 concitantur!
543 3176 624 3243 quae
638 3151 782 3245 profecto
798 3152 960 3216 ineassum
976 3166 1157 3241 agerentur,
1166 3153 1204 3235 si,
1212 3150 1310 3244 prius

256 3442 267 3477 1
292 3423 352 3476 Per
369 3441 475 3479 nomen
486 3424 627 3478 militiae:
640 3422 696 3480 hoc
707 3436 749 3480 est
785 3423 883 3501 potius
896 3434 1076 3498 sequuntur,
1094 3436 1123 3481 et
1135 3422 1253 3482 simulac
1264 3426 1309 3482 vi·

234 3517 268 3554 co
279 3510 431 3574 praetextu
451 3501 531 3573 quod
548 3499 656 3555 bellum
668 3521 749 3574 gera·
788 3501 893 3568 derint,
912 3501 962 3573 qui
974 3503 1038 3574 jura
1052 3521 1103 3557 sua
1121 3514 1149 3558 et
1168 3521 1242 3576 quae
1255 3521 1308 3558 eu-

233 3587 291 3641 tur,
305 3575 350 3633 vel
362 3574 441 3651 quod
452 3577 638 3653 imperatores
650 3575 750 3653 appel·
789 3577 880 3652 pinnt
893 3575 1057 3646 defendant,
1066 3575 1120 3632 illis
1133 3596 1199 3638 sese
1211 3576 1309 3634 statim

234 3644 339 3714 lentur.
788 3651 959 3728 adjungunt.

253 3745 269 3780 a
289 3727 356 3782 Arx
368 3726 473 3784 dicitur
489 3749 544 3805 pro
557 3727 623 3784 sede
635 3728 750 3806 tyranni
807 3726 824 3784 5
845 3728 895 3784 An
913 3729 1034 3785 dubium
1051 3727 1178 3791 habetis,
1192 3745 1230 3781 ne
1248 3728 1307 3782 ali·
1363 3720 1366 3725 ⁴

236 3804 587 3876 ejusquemunirneutum.
789 3805 864 3880 quid
884 3809 983 3880 possit
1006 3823 1116 3860 nocere
1139 3803 1222 3858 vobis
1243 3823 1306 3859 uno

248 3877 267 3932 5
289 3879 364 3946 Quia
377 3879 488 3936 dixerat
499 3901 669 3956 paucorum.
789 3885 892 3937 animo
915 3883 957 3938 ad
976 3882 1143 3937 libertatem
1152 3883 1306 3954 pergentit

249 3952 269 4023 4
285 3954 354 4009 llari
366 3957 442 4012 enirn
455 3970 521 4012 sunt
533 3959 583 4031 qui
595 3955 751 4014 defendant
788 3957 859 4023 bns,
872 3978 947 4035 quos
961 3957 1078 4012 Sullani
1094 3955 1255 4032 languidos
1271 3974 1304 4013 e·

233 4049 266 4092 ea
286 4050 359 4106 quae
380 4031 512 4109 placent,
530 4033 661 4112 plerique
680 4028 750 4094 atios'
787 4035 931 4092 socordes
939 4035 1143 4110 pertimuere?
