2888 4748
391 273 583 404 aaaron
608 322 954 404 carrarulmua
1167 327 1215 428 ³⁷.

134 505 231 584 atque
246 487 393 583 prodigia
407 490 625 557 nunciabant:
642 489 717 571 alii,
732 503 910 556 conventus
925 482 1017 567 fieri,
1030 507 1120 553 arma
1134 507 1212 577 por·

132 603 215 680 tari3
245 600 377 689 Capuae
400 610 409 637 ¹
442 614 539 687 atque
562 598 598 662 iu
624 597 747 688 Apulia
772 596 886 664 seruile
909 593 1057 660 bellum·
1080 594 1212 662 moveri.

133 710 238 799 Igitur
262 707 364 774 senati
388 704 516 771 decreto
543 707 581 789 Q.
606 705 750 771 Marcius
773 696 870 770 Rex³
893 702 1067 784 Faesulas,
1093 704 1131 786 Q.
1149 703 1218 770 Me·

133 813 257 886 tellus⁴
281 813 432 879 Creticus
457 815 492 878 in
518 812 674 904 Apuliam
699 814 888 902 circumque
912 834 951 878 ea
969 812 1042 878 loca
1064 810 1164 876 missi.
1189 810 1220 879 Ii

135 925 266 1013 utrique
289 922 331 986 ad
346 922 459 987 urbem
484 921 694 1010 imperatores
717 934 830 999 erant;
853 919 1020 1011 impediti,
1042 941 1084 986 ne
1107 918 1220 985 trium·

136 1032 274 1125 pharent
287 1028 317 1110 ⁵,
342 1029 503 1095 calumnia
518 1052 719 1119 paucorum,
741 1029 860 1118 quibus
883 1029 992 1094 omnia
1015 1026 1150 1096 honesta
1173 1041 1219 1093 at·

136 1165 202 1232 que
225 1138 398 1203 inhonesta
420 1134 558 1203 vendere
581 1159 650 1201 mos
676 1150 752 1201 erat.
780 1136 845 1202 Sed
868 1151 1031 1227 praetores
1057 1137 1095 1220 Q.
1120 1137 1238 1202 Pom-'

135 1252 233 1338 pejus
257 1242 366 1310 Rufus
392 1244 558 1332 Capuam,
584 1244 622 1327 Q.
641 1243 792 1337 Metellus
815 1244 910 1309 Celer
933 1245 968 1311 in
993 1267 1107 1335 agrum
1130 1241 1222 1309 Pice-

136 1378 239 1434 num3
262 1353 378 1442 hisque
400 1351 615 1442 permissum,
636 1354 686 1416 uti
707 1378 766 1439 pro
791 1369 931 1440 tempore
954 1369 1052 1440 atque
1074 1352 1222 1439 periculo

136 1463 316 1530 exercitum
332 1475 577 1546 compararent:
592 1458 635 1524 ad
649 1458 724 1541 hoc,
738 1463 769 1524 si
783 1463 855 1548 quis
872 1461 1076 1525 indicavisset
1090 1459 1130 1523 de
1147 1483 1222 1523 con·

133 1573 320 1659 juratione,
336 1593 419 1656 quae
436 1584 549 1633 tantm
564 1569 911 1656 liempublicamsaeta
926 1584 1010 1649 erat,
1023 1568 1221 1655 praemium,
1285 1570 1287 1574 ’

137 1704 225 1746 serso
250 1677 432 1743 libertatem
456 1692 489 1742 et
503 1680 651 1743 sestertia
667 1683 679 1720 ⁶
703 1693 854 1744 centum:
870 1669 972 1742 libero
998 1677 1230 1764 impunitatem

139 1792 209 1876 ejus
233 1789 282 1852 rei
303 1803 336 1851 et
359 1789 505 1850 sestertia
528 1786 689 1865 ducenta3
713 1786 854 1874 itemque
878 1785 1067 1852 decrevere:
1084 1785 1133 1848 uti
1152 1783 1223 1870 gla-

140 1895 298 1960 diatoriae
312 1893 467 1979 familiae
486 1903 498 1938 ⁷
517 1899 661 1979 Capuam
675 1943 685 1972 ,
700 1909 732 1957 et
748 1895 782 1957 in
797 1909 904 1957 cetera
920 1892 1100 1979 municipia
1115 1888 1223 1954 distri·

142 2003 317 2068 lucrentur
339 2025 398 2088 pro
422 2004 577 2086 cujusque
603 2000 738 2086 opibus:
761 2005 879 2065 Romae
901 2025 961 2087 per
985 2016 1085 2064 totam
1110 1998 1224 2064 urbem

142 2112 268 2197 vigiliae
284 2108 491 2188 haberentur,
508 2111 617 2194 eisque
633 2111 770 2174 minores
786 2110 1010 2196 magistratust
1023 2123 1221 2194 praeessent.

186 2215 339 2284 XXXII.
366 2216 492 2301 Quibus
507 2216 603 2281 rebus
619 2232 763 2308 permota
787 2217 920 2297 civitas,
936 2230 1032 2306 atque
1057 2215 1218 2279 inmutata

140 2325 239 2392 facies
263 2325 352 2390 urbis
376 2339 464 2389 erat:
488 2348 527 2389 ex
551 2348 676 2389 summa
698 2325 819 2389 laetitia
844 2338 939 2412 atque
966 2323 1118 2402 lascivia,
1139 2343 1224 2409 quae

143 2434 298 2500 diuturna
322 2433 413 2522 quies
436 2426 622 2521 peper'crat,
644 2445 775 2521 repente
799 2432 903 2496 omnis
928 2429 1058 2496 tristitia
1080 2428 1218 2498 invasit:

165 2697 176 2732 1
201 2678 304 2752 Capua
324 2677 395 2734 urbs
415 2676 592 2754 Campaniae
608 2698 661 2735 no·
700 2680 822 2810 perium.
843 2679 935 2757 Igitur
954 2677 1110 2738 redeuutes
1130 2673 1221 2741 ebel-

143 2751 291 2822 bilissima,
301 2754 372 2808 mari
380 2753 661 2831 Tyrrenoadjacens.
713 2781 729 2815 o
751 2759 871 2814 victores
892 2756 1169 2813 castrametabantur
1188 2757 1219 2812 in

163 2848 180 2887 2
202 2829 306 2886 Servos
326 2829 363 2885 ad
382 2829 492 2886 bellum
513 2832 658 2889 concitari.
699 2833 923 2910 campomartis,
933 2831 1123 2908 datoqueillis
1135 2844 1219 2889 extra

162 2905 180 2962 3
200 2904 311 2962 Consul
338 2906 392 2962 suit
418 2927 485 2962 cum
508 2909 539 2965 L.
561 2907 660 2963 Metel·
700 2911 803 2968 urbem
823 2922 933 2978 senatu,
954 2910 1094 2985 petebant
1114 2909 1219 2964 trium-

142 2981 180 3039 lo.
201 2982 269 3038 Post
288 2996 403 3038 exactos
423 3002 503 3060 reges
524 2984 658 3040 infestum
696 2989 802 3065 phura.
852 2984 1069 3062 Impediebatur
1119 2997 1218 3043 autem

143 3058 251 3114 Romae
271 3079 376 3115 nomen
396 3073 457 3115 erat
468 3060 586 3136 regium.
602 3060 659 3116 Sed
698 3060 879 3139 triumphus,
908 3064 931 3118 si
959 3062 1094 3119 tribunus
1123 3053 1219 3137 plebis

143 3155 180 3192 ne
199 3134 366 3194 viderentur
377 3133 434 3191 ledi
446 3139 576 3205 numina,
594 3139 659 3212 qui·
697 3139 865 3218 imperatori
885 3139 922 3195 ob
948 3158 993 3195 res
1013 3141 1044 3195 in
1072 3137 1150 3195 hello
1170 3157 1219 3215 ge·

142 3209 198 3267 bus
218 3210 355 3265 sacrificia
382 3212 524 3286 quaedam
550 3232 565 3268 a
586 3214 660 3290 regi·
700 3231 757 3273 stas
778 3216 853 3271 diem
873 3214 1007 3274 dixisset:
1029 3239 1083 3278 nec
1099 3223 1153 3279 nisi
1173 3242 1221 3284 ra·

141 3284 198 3343 hus
218 3285 346 3341 facienda
367 3289 660 3356 erant‚constitutum
699 3292 784 3348 missa
812 3304 863 3348 aut
894 3287 1007 3351 sublata
1036 3301 1221 3358 accusatione

144 3375 187 3418 est
207 3360 409 3430 sacerdotium,
422 3365 467 3419 cui
480 3366 531 3440 qui
542 3384 659 3441 praees·
698 3367 892 3445 peragebatur
912 3367 1086 3449 triumphus.

143 3451 216 3503 sent,
237 3457 318 3512 reges
338 3437 561 3513 appellarentur.
583 3442 660 3497 Mar·
717 3445 736 3500 6
757 3446 923 3502 Sestertium
938 3450 966 3504 in
987 3463 1091 3506 neutro
1104 3472 1219 3529 genere,

145 3515 205 3571 cius
225 3512 294 3571 huic
315 3513 473 3571 sacerdotio
493 3531 632 3591 praeerat.
699 3521 731 3576 in
750 3520 856 3596 plurali
876 3525 1013 3582 sestertia:
1036 3523 1148 3602 singula
1168 3548 1220 3587 va-

160 3589 181 3661 lp
201 3588 311 3647 Consul
331 3590 384 3645 fuit
404 3605 471 3646 cum
485 3593 519 3662 Q.
533 3593 657 3650 Horten·
696 3594 794 3652 lebant
815 3598 891 3655 mille
911 3621 1045 3658 nummos
1064 3606 1218 3666 sestertios.

145 3667 203 3724 sio:
226 3666 344 3722 Cretam
365 3665 431 3723 inde
451 3669 608 3744 proconsul
629 3671 658 3725 in
716 3675 836 3748 7Quae
865 3675 1015 3733 alebantur
1044 3685 1060 3732 a
1089 3675 1221 3752 lanistis,

143 3741 247 3818 populi
259 3743 382 3799 Romani
393 3757 563 3819 potestatem
576 3745 660 3802 rede·
697 3753 735 3804 n'e
745 3750 901 3807 tumultum
919 3768 1078 3824 moverent,
1091 3771 1123 3812 ut
1136 3771 1220 3819 antea

145 3818 194 3893 git:
206 3818 281 3874 unde
292 3820 424 3876 Creticus
436 3832 478 3876 est
490 3820 658 3897 appellatus.
683 3821 685 3825 ’
700 3825 755 3882 sub
776 3826 914 3902 Spartaco
935 3830 1041 3886 lactum
1061 3832 1163 3893 fuerat.

160 3892 182 3980 Ι5
203 3894 437 3970 Triumphaturis
457 3895 518 3972 lege
539 3912 600 3954 erat
611 3917 660 3954 re·
720 3901 868 3978 8Maj0res
881 3906 1062 3981 magistratus
1075 3924 1141 3967 sunt
1151 3916 1230 3969 con·'

147 3981 254 4056 trtuuu
270 3985 336 4027 ante
356 3972 538 4050 triumphum
559 3976 660 4031 urbem
701 3977 787 4046 sules‚
807 3989 964 4054 praetores,
986 4001 1131 4050 censores:
1155 4008 1219 4049 eas-

82 4086 84 4091 .
143 4044 257 4122 ingredi
268 4046 322 4105 sub
333 4068 428 4126 poena
445 4051 592 4109 amittendi
609 4052 662 4112 im·
702 4055 756 4112 teri
775 4056 907 4116 minores.
