<?xml version="1.0" encoding="UTF-8"?>
<!DOCTYPE html PUBLIC "-//W3C//DTD XHTML 1.0 Transitional//EN"
    "http://www.w3.org/TR/xhtml1/DTD/xhtml1-transitional.dtd">
<html xmlns="http://www.w3.org/1999/xhtml" xml:lang="en" lang="en">
 <head>
  <title>
</title>
<meta http-equiv="Content-Type" content="text/html;charset=utf-8" />
  <meta name='ocr-system' content='tesseract 3.04.00' />
  <meta name='ocr-capabilities' content='ocr_page ocr_carea ocr_par ocr_line ocrx_word'/>
</head>
<body>
  <div class='ocr_page' id='page_1' title='image "./opera00sallgoog_0189.png"; bbox 0 0 2888 4748; ppageno 0'>
   <div class='ocr_carea' id='block_1_1' title="bbox 379 339 1190 432">
    <p class='ocr_par' dir='ltr' id='par_1_1' title="bbox 379 339 1190 432">
     <span class='ocr_line' id='line_1_1' title="bbox 379 339 1190 432; baseline 0.005 -26"><span class='ocrx_word' id='word_1_1' title='bbox 379 340 569 409; x_wconf 75' lang='lat' dir='ltr'>aarum</span> <span class='ocrx_word' id='word_1_2' title='bbox 591 339 932 409; x_wconf 79' lang='lat' dir='ltr'>Juouurmuuu</span> <span class='ocrx_word' id='word_1_3' title='bbox 1127 345 1190 432; x_wconf 76' lang='lat'>139</span> 
     </span>
    </p>
   </div>
   <div class='ocr_carea' id='block_1_2' title="bbox 95 491 1288 3256">
    <p class='ocr_par' dir='ltr' id='par_1_2' title="bbox 123 491 1197 690">
     <span class='ocr_line' id='line_1_2' title="bbox 123 491 1192 578; baseline -0.002 -18"><span class='ocrx_word' id='word_1_4' title='bbox 123 516 239 560; x_wconf 78' lang='lat' dir='ltr'>nurum</span> <span class='ocrx_word' id='word_1_5' title='bbox 256 492 416 557; x_wconf 79' lang='lat' dir='ltr'>misereri:</span> <span class='ocrx_word' id='word_1_6' title='bbox 430 493 460 555; x_wconf 83' lang='lat' dir='ltr'>si</span> <span class='ocrx_word' id='word_1_7' title='bbox 474 491 585 558; x_wconf 85' lang='lat' dir='ltr'><strong>eodem</strong></span> <span class='ocrx_word' id='word_1_8' title='bbox 601 492 654 555; x_wconf 80' lang='lat' dir='ltr'>illi</span> <span class='ocrx_word' id='word_1_9' title='bbox 667 495 760 578; x_wconf 82' lang='lat' dir='ltr'>eopia</span> <span class='ocrx_word' id='word_1_10' title='bbox 773 493 874 578; x_wconf 82' lang='lat' dir='ltr'>fieret</span> <span class='ocrx_word' id='word_1_11' title='bbox 889 501 898 526; x_wconf 85' lang='lat'><em>¹</em></span> <span class='ocrx_word' id='word_1_12' title='bbox 906 543 916 572; x_wconf 93' lang='lat'>,</span> <span class='ocrx_word' id='word_1_13' title='bbox 932 493 1040 556; x_wconf 86' lang='lat' dir='ltr'>omnia</span> <span class='ocrx_word' id='word_1_14' title='bbox 1059 509 1192 560; x_wconf 77' lang='lat' dir='ltr'><strong>conten-</strong></span> 
     </span>
     <span class='ocr_line' id='line_1_3' title="bbox 126 593 1197 690; baseline 0.003 -24"><span class='ocrx_word' id='word_1_15' title='bbox 126 619 209 666; x_wconf 81' lang='lat' dir='ltr'>turo.</span> <span class='ocrx_word' id='word_1_16' title='bbox 230 602 354 668; x_wconf 87' lang='lat' dir='ltr'>Rursus</span> <span class='ocrx_word' id='word_1_17' title='bbox 368 593 564 690; x_wconf 85' lang='lat' dir='ltr'>imperator,</span> <span class='ocrx_word' id='word_1_18' title='bbox 586 615 696 664; x_wconf 89' lang='lat' dir='ltr'>eontra</span> <span class='ocrx_word' id='word_1_19' title='bbox 716 601 877 689; x_wconf 88' lang='lat' dir='ltr'>postulata</span> <span class='ocrx_word' id='word_1_20' title='bbox 898 600 1036 680; x_wconf 82' lang='lat' dir='ltr'>Bocchi,</span> <span class='ocrx_word' id='word_1_21' title='bbox 1056 601 1197 669; x_wconf 82' lang='lat' dir='ltr'>nuncios</span> 
     </span>
    </p>

    <p class='ocr_par' dir='ltr' id='par_1_3' title="bbox 119 705 1192 798">
     <span class='ocr_line' id='line_1_4' title="bbox 119 705 1192 798; baseline 0 -24"><span class='ocrx_word' id='word_1_22' title='bbox 119 705 229 774; x_wconf 67' lang='lat' dir='ltr'>&#39;mittit</span> <span class='ocrx_word' id='word_1_23' title='bbox 246 708 305 773; x_wconf 88' lang='lat' dir='ltr'>Ille</span> <span class='ocrx_word' id='word_1_24' title='bbox 318 708 454 798; x_wconf 87' lang='lat' dir='ltr'>probare</span> <span class='ocrx_word' id='word_1_25' title='bbox 468 707 596 796; x_wconf 84' lang='lat' dir='ltr'>partim,</span> <span class='ocrx_word' id='word_1_26' title='bbox 612 707 674 771; x_wconf 90' lang='lat' dir='ltr'>alia</span> <span class='ocrx_word' id='word_1_27' title='bbox 690 707 838 771; x_wconf 81' lang='lat' dir='ltr'>abnuere.</span> <span class='ocrx_word' id='word_1_28' title='bbox 856 707 904 772; x_wconf 89' lang='lat' dir='ltr'>Eo</span> <span class='ocrx_word' id='word_1_29' title='bbox 920 706 1026 786; x_wconf 88' lang='lat' dir='ltr'>modo,</span> <span class='ocrx_word' id='word_1_30' title='bbox 1042 731 1136 797; x_wconf 87' lang='lat' dir='ltr'>saepe</span> <span class='ocrx_word' id='word_1_31' title='bbox 1153 710 1192 784; x_wconf 87' lang='lat' dir='ltr'>ah</span> 
     </span>
    </p>

    <p class='ocr_par' dir='ltr' id='par_1_4' title="bbox 95 800 1196 991">
     <span class='ocr_line' id='line_1_5' title="bbox 95 800 1196 907; baseline -0.003 -24"><span class='ocrx_word' id='word_1_32' title='bbox 95 888 99 895; x_wconf 51' lang='lat'>,</span> <span class='ocrx_word' id='word_1_33' title='bbox 121 831 258 907; x_wconf 90' lang='lat' dir='ltr'>utroque</span> <span class='ocrx_word' id='word_1_34' title='bbox 273 800 385 880; x_wconf 31' lang='lat' dir='ltr'>missis*</span> <span class='ocrx_word' id='word_1_35' title='bbox 395 814 601 904; x_wconf 83' lang='lat' dir='ltr'>remissisque</span> <span class='ocrx_word' id='word_1_36' title='bbox 617 815 757 895; x_wconf 87' lang='lat' dir='ltr'>nunciis,</span> <span class='ocrx_word' id='word_1_37' title='bbox 770 829 896 902; x_wconf 88' lang='lat' dir='ltr'>tempus</span> <span class='ocrx_word' id='word_1_38' title='bbox 911 814 1094 904; x_wconf 78' lang='lat' dir='ltr'><strong>procedere,</strong></span> <span class='ocrx_word' id='word_1_39' title='bbox 1110 830 1141 880; x_wconf 90' lang='lat' dir='ltr'>et</span> <span class='ocrx_word' id='word_1_40' title='bbox 1156 840 1196 880; x_wconf 88' lang='lat' dir='ltr'>ex</span> 
     </span>
     <span class='ocr_line' id='line_1_6' title="bbox 123 921 871 991; baseline -0.008 -1"><span class='ocrx_word' id='word_1_41' title='bbox 123 924 247 990; x_wconf 83' lang='lat' dir='ltr'><strong>Metelli</strong></span> <span class='ocrx_word' id='word_1_42' title='bbox 261 924 426 991; x_wconf 84' lang='lat' dir='ltr'>voluntate</span> <span class='ocrx_word' id='word_1_43' title='bbox 440 932 450 954; x_wconf 84' lang='lat'><em>²</em></span> <span class='ocrx_word' id='word_1_44' title='bbox 468 922 590 987; x_wconf 89' lang='lat' dir='ltr'>bellum</span> <span class='ocrx_word' id='word_1_45' title='bbox 605 923 762 988; x_wconf 83' lang='lat' dir='ltr'>intactum</span> <span class='ocrx_word' id='word_1_46' title='bbox 777 921 871 989; x_wconf 88' lang='lat' dir='ltr'>trahi.</span> 
     </span>
    </p>

    <p class='ocr_par' dir='ltr' id='par_1_5' title="bbox 121 1014 1288 2298">
     <span class='ocr_line' id='line_1_7' title="bbox 170 1014 1229 1120; baseline -0.001 -24"><span class='ocrx_word' id='word_1_47' title='bbox 170 1029 369 1096; x_wconf 85' lang='lat' dir='ltr'>LXXXVI.</span> <span class='ocrx_word' id='word_1_48' title='bbox 387 1027 433 1092; x_wconf 78' lang='lat' dir='ltr'>At</span> <span class='ocrx_word' id='word_1_49' title='bbox 448 1028 590 1109; x_wconf 87' lang='lat' dir='ltr'>Marius,</span> <span class='ocrx_word' id='word_1_50' title='bbox 604 1044 641 1094; x_wconf 92' lang='lat' dir='ltr'>ut</span> <span class='ocrx_word' id='word_1_51' title='bbox 657 1054 754 1120; x_wconf 87' lang='lat' dir='ltr'>supra</span> <span class='ocrx_word' id='word_1_52' title='bbox 776 1029 930 1107; x_wconf 84' lang='lat' dir='ltr'>diximus,</span> <span class='ocrx_word' id='word_1_53' title='bbox 953 1029 1198 1118; x_wconf 80' lang='lat' dir='ltr'>cupientissima</span> <span class='ocrx_word' id='word_1_54' title='bbox 1227 1014 1229 1018; x_wconf 28' lang='lat'><strong><em>¹</em></strong></span> 
     </span>
     <span class='ocr_line' id='line_1_8' title="bbox 122 1134 1277 1229; baseline -0.002 -27"><span class='ocrx_word' id='word_1_55' title='bbox 122 1139 215 1229; x_wconf 87' lang='lat' dir='ltr'><strong>plebe</strong></span> <span class='ocrx_word' id='word_1_56' title='bbox 228 1137 345 1202; x_wconf 79' lang='lat' dir='ltr'>consul</span> <span class='ocrx_word' id='word_1_57' title='bbox 359 1135 479 1214; x_wconf 87' lang='lat' dir='ltr'>faetus,</span> <span class='ocrx_word' id='word_1_58' title='bbox 495 1150 665 1224; x_wconf 86' lang='lat' dir='ltr'>postquam</span> <span class='ocrx_word' id='word_1_59' title='bbox 681 1138 710 1201; x_wconf 90' lang='lat' dir='ltr'>ei</span> <span class='ocrx_word' id='word_1_60' title='bbox 726 1137 930 1225; x_wconf 82' lang='lat' dir='ltr'>provinciam</span> <span class='ocrx_word' id='word_1_61' title='bbox 938 1134 1124 1201; x_wconf 88' lang='lat' dir='ltr'>Numidiam</span> <span class='ocrx_word' id='word_1_62' title='bbox 1139 1161 1195 1226; x_wconf 86' lang='lat' dir='ltr'>po·</span> <span class='ocrx_word' id='word_1_63' title='bbox 1272 1206 1277 1217; x_wconf 16' lang='lat' dir='ltr'><strong>q</strong></span> 
     </span>
     <span class='ocr_line' id='line_1_9' title="bbox 122 1243 1194 1335; baseline -0.003 -25"><span class='ocrx_word' id='word_1_64' title='bbox 122 1247 221 1335; x_wconf 94' lang='lat' dir='ltr'>pulus</span> <span class='ocrx_word' id='word_1_65' title='bbox 242 1243 351 1328; x_wconf 90' lang='lat' dir='ltr'>jussit,</span> <span class='ocrx_word' id='word_1_66' title='bbox 373 1257 465 1307; x_wconf 88' lang='lat' dir='ltr'>antea</span> <span class='ocrx_word' id='word_1_67' title='bbox 486 1246 552 1326; x_wconf 88' lang='lat' dir='ltr'>jam</span> <span class='ocrx_word' id='word_1_68' title='bbox 572 1243 708 1308; x_wconf 86' lang='lat' dir='ltr'>infestus</span> <span class='ocrx_word' id='word_1_69' title='bbox 727 1243 904 1323; x_wconf 86' lang='lat' dir='ltr'>nohilitati,</span> <span class='ocrx_word' id='word_1_70' title='bbox 925 1257 993 1307; x_wconf 89' lang='lat' dir='ltr'>tum</span> <span class='ocrx_word' id='word_1_71' title='bbox 1013 1267 1090 1310; x_wconf 86' lang='lat' dir='ltr'><strong>vero</strong></span> <span class='ocrx_word' id='word_1_72' title='bbox 1113 1245 1194 1308; x_wconf 89' lang='lat' dir='ltr'>mul·</span> 
     </span>
     <span class='ocr_line' id='line_1_10' title="bbox 124 1349 1195 1440; baseline 0 -22"><span class='ocrx_word' id='word_1_73' title='bbox 124 1361 204 1418; x_wconf 84' lang='lat' dir='ltr'>tus³</span> <span class='ocrx_word' id='word_1_74' title='bbox 226 1365 320 1440; x_wconf 89' lang='lat' dir='ltr'>atque</span> <span class='ocrx_word' id='word_1_75' title='bbox 339 1349 428 1415; x_wconf 82' lang='lat' dir='ltr'><strong>ferox</strong></span> <span class='ocrx_word' id='word_1_76' title='bbox 446 1351 584 1420; x_wconf 88' lang='lat' dir='ltr'>instare:</span> <span class='ocrx_word' id='word_1_77' title='bbox 613 1351 756 1439; x_wconf 81' lang='lat' dir='ltr'>singulos</span> <span class='ocrx_word' id='word_1_78' title='bbox 776 1351 888 1430; x_wconf 89' lang='lat' dir='ltr'>modo,</span> <span class='ocrx_word' id='word_1_79' title='bbox 907 1350 1002 1416; x_wconf 92' lang='lat' dir='ltr'>modo</span> <span class='ocrx_word' id='word_1_80' title='bbox 1027 1351 1195 1424; x_wconf 87' lang='lat' dir='ltr'>univorsos</span> 
     </span>
     <span class='ocr_line' id='line_1_11' title="bbox 125 1457 1198 1544; baseline 0 -21"><span class='ocrx_word' id='word_1_81' title='bbox 125 1458 264 1525; x_wconf 84' lang='lat' dir='ltr'>laedere:</span> <span class='ocrx_word' id='word_1_82' title='bbox 281 1457 443 1533; x_wconf 69' lang='lat' dir='ltr'>dictitare:</span> <span class='ocrx_word' id='word_1_83' title='bbox 458 1482 526 1522; x_wconf 86' lang='lat' dir='ltr'>sese</span> <span class='ocrx_word' id='word_1_84' title='bbox 542 1459 743 1522; x_wconf 81' lang='lat' dir='ltr'>consulatum</span> <span class='ocrx_word' id='word_1_85' title='bbox 759 1484 802 1523; x_wconf 81' lang='lat' dir='ltr'>eor</span> <span class='ocrx_word' id='word_1_86' title='bbox 819 1461 907 1522; x_wconf 78' lang='lat' dir='ltr'>vietis</span> <span class='ocrx_word' id='word_1_87' title='bbox 922 1459 990 1522; x_wconf 77' lang='lat' dir='ltr'>illis</span> <span class='ocrx_word' id='word_1_88' title='bbox 1005 1458 1129 1544; x_wconf 79' lang='lat' dir='ltr'>spolia⁴</span> <span class='ocrx_word' id='word_1_89' title='bbox 1145 1485 1198 1523; x_wconf 86' lang='lat' dir='ltr'>ee·</span> 
     </span>
     <span class='ocr_line' id='line_1_12' title="bbox 121 1564 1195 1656; baseline 0 -26"><span class='ocrx_word' id='word_1_90' title='bbox 121 1570 220 1654; x_wconf 81' lang='lat' dir='ltr'>pisse3</span> <span class='ocrx_word' id='word_1_91' title='bbox 236 1566 299 1630; x_wconf 89' lang='lat' dir='ltr'>alia</span> <span class='ocrx_word' id='word_1_92' title='bbox 313 1579 476 1656; x_wconf 84' lang='lat' dir='ltr'>praeterea</span> <span class='ocrx_word' id='word_1_93' title='bbox 491 1564 659 1655; x_wconf 81' lang='lat' dir='ltr'>magnifica</span> <span class='ocrx_word' id='word_1_94' title='bbox 675 1589 734 1656; x_wconf 92' lang='lat' dir='ltr'>pro</span> <span class='ocrx_word' id='word_1_95' title='bbox 751 1590 795 1647; x_wconf 90' lang='lat' dir='ltr'>se,</span> <span class='ocrx_word' id='word_1_96' title='bbox 811 1581 843 1630; x_wconf 90' lang='lat' dir='ltr'>et</span> <span class='ocrx_word' id='word_1_97' title='bbox 858 1565 922 1630; x_wconf 91' lang='lat' dir='ltr'>illis</span> <span class='ocrx_word' id='word_1_98' title='bbox 938 1565 1097 1630; x_wconf 85' lang='lat' dir='ltr'><strong>dolentia:</strong></span> <span class='ocrx_word' id='word_1_99' title='bbox 1114 1567 1195 1630; x_wconf 90' lang='lat' dir='ltr'>inte-</span> 
     </span>
     <span class='ocr_line' id='line_1_13' title="bbox 124 1674 1288 1765; baseline 0 -27"><span class='ocrx_word' id='word_1_100' title='bbox 124 1677 200 1755; x_wconf 90' lang='lat' dir='ltr'>rim,</span> <span class='ocrx_word' id='word_1_101' title='bbox 215 1697 298 1764; x_wconf 91' lang='lat' dir='ltr'>quae</span> <span class='ocrx_word' id='word_1_102' title='bbox 313 1674 396 1739; x_wconf 91' lang='lat' dir='ltr'><strong>bello</strong></span> <span class='ocrx_word' id='word_1_103' title='bbox 413 1698 495 1764; x_wconf 86' lang='lat' dir='ltr'>opus</span> <span class='ocrx_word' id='word_1_104' title='bbox 511 1678 622 1755; x_wconf 83' lang='lat' dir='ltr'>erant,</span> <span class='ocrx_word' id='word_1_105' title='bbox 635 1675 739 1765; x_wconf 89' lang='lat' dir='ltr'>prima</span> <span class='ocrx_word' id='word_1_106' title='bbox 760 1674 894 1738; x_wconf 89' lang='lat' dir='ltr'>habere:</span> <span class='ocrx_word' id='word_1_107' title='bbox 914 1675 1078 1762; x_wconf 89' lang='lat' dir='ltr'>postulare</span> <span class='ocrx_word' id='word_1_108' title='bbox 1098 1674 1196 1762; x_wconf 82' lang='lat' dir='ltr'><strong>legio·</strong></span> <span class='ocrx_word' id='word_1_109' title='bbox 1287 1721 1288 1725; x_wconf 65' lang='lat'>,</span> 
     </span>
     <span class='ocr_line' id='line_1_14' title="bbox 124 1781 1195 1872; baseline -0.004 -23"><span class='ocrx_word' id='word_1_110' title='bbox 124 1783 219 1849; x_wconf 89' lang='lat' dir='ltr'>nibus</span> <span class='ocrx_word' id='word_1_111' title='bbox 236 1783 508 1872; x_wconf 88' lang='lat' dir='ltr'>supplementum:</span> <span class='ocrx_word' id='word_1_112' title='bbox 523 1782 639 1847; x_wconf 77' lang='lat' dir='ltr'>auxilia</span> <span class='ocrx_word' id='word_1_113' title='bbox 656 1804 674 1844; x_wconf 88' lang='lat' dir='ltr'>a</span> <span class='ocrx_word' id='word_1_114' title='bbox 690 1782 818 1870; x_wconf 91' lang='lat' dir='ltr'>populis</span> <span class='ocrx_word' id='word_1_115' title='bbox 833 1793 864 1844; x_wconf 89' lang='lat' dir='ltr'>et</span> <span class='ocrx_word' id='word_1_116' title='bbox 879 1781 1007 1868; x_wconf 82' lang='lat' dir='ltr'>regibus</span> <span class='ocrx_word' id='word_1_117' title='bbox 1033 1783 1195 1869; x_wconf 82' lang='lat' dir='ltr'>sociisque</span> 
     </span>
     <span class='ocr_line' id='line_1_15' title="bbox 125 1887 1196 1978; baseline -0.001 -25"><span class='ocrx_word' id='word_1_118' title='bbox 125 1913 294 1955; x_wconf 86' lang='lat' dir='ltr'><strong>arcessere:</strong></span> <span class='ocrx_word' id='word_1_119' title='bbox 310 1904 474 1978; x_wconf 87' lang='lat' dir='ltr'>praeterea</span> <span class='ocrx_word' id='word_1_120' title='bbox 489 1912 527 1953; x_wconf 87' lang='lat' dir='ltr'>ex</span> <span class='ocrx_word' id='word_1_121' title='bbox 546 1889 641 1954; x_wconf 87' lang='lat' dir='ltr'>Latio</span> <span class='ocrx_word' id='word_1_122' title='bbox 658 1887 868 1951; x_wconf 79' lang='lat' dir='ltr'>fortissimum</span> <span class='ocrx_word' id='word_1_123' title='bbox 889 1909 1059 1975; x_wconf 81' lang='lat' dir='ltr'><strong>quemque,</strong></span> <span class='ocrx_word' id='word_1_124' title='bbox 1075 1887 1196 1976; x_wconf 89' lang='lat' dir='ltr'>pleros·</span> 
     </span>
     <span class='ocr_line' id='line_1_16' title="bbox 124 1993 1197 2086; baseline -0.003 -25"><span class='ocrx_word' id='word_1_125' title='bbox 124 2020 189 2086; x_wconf 91' lang='lat' dir='ltr'>que</span> <span class='ocrx_word' id='word_1_126' title='bbox 211 1997 348 2075; x_wconf 87' lang='lat' dir='ltr'>militia,</span> <span class='ocrx_word' id='word_1_127' title='bbox 368 2017 489 2083; x_wconf 81' lang='lat' dir='ltr'>paucos</span> <span class='ocrx_word' id='word_1_128' title='bbox 511 1995 596 2059; x_wconf 87' lang='lat' dir='ltr'>fama</span> <span class='ocrx_word' id='word_1_129' title='bbox 618 1996 763 2083; x_wconf 83' lang='lat' dir='ltr'>cognitos</span> <span class='ocrx_word' id='word_1_130' title='bbox 782 2000 790 2034; x_wconf 80' lang='lat'>⁵</span> <span class='ocrx_word' id='word_1_131' title='bbox 813 1993 943 2074; x_wconf 83' lang='lat' dir='ltr'>accire,</span> <span class='ocrx_word' id='word_1_132' title='bbox 973 2009 1004 2058; x_wconf 91' lang='lat' dir='ltr'>et</span> <span class='ocrx_word' id='word_1_133' title='bbox 1026 1995 1197 2059; x_wconf 86' lang='lat' dir='ltr'>ambiendo</span> 
     </span>
     <span class='ocr_line' id='line_1_17' title="bbox 125 2099 1195 2192; baseline -0.003 -24"><span class='ocrx_word' id='word_1_134' title='bbox 125 2124 238 2191; x_wconf 84' lang='lat' dir='ltr'><strong>eogere</strong></span> <span class='ocrx_word' id='word_1_135' title='bbox 251 2102 396 2166; x_wconf 89' lang='lat' dir='ltr'>homiues</span> <span class='ocrx_word' id='word_1_136' title='bbox 412 2101 551 2166; x_wconf 89' lang='lat' dir='ltr'>emeritis</span> <span class='ocrx_word' id='word_1_137' title='bbox 567 2099 753 2192; x_wconf 83' lang='lat' dir='ltr'>stipendiis⁶</span> <span class='ocrx_word' id='word_1_138' title='bbox 769 2124 878 2168; x_wconf 88' lang='lat' dir='ltr'>seeum</span> <span class='ocrx_word' id='word_1_139' title='bbox 892 2099 1064 2191; x_wconf 78' lang='lat' dir='ltr'>proficisci.</span> <span class='ocrx_word' id='word_1_140' title='bbox 1082 2101 1195 2189; x_wconf 86' lang='lat' dir='ltr'><strong>Neque</strong></span> 
     </span>
     <span class='ocr_line' id='line_1_18' title="bbox 127 2207 1196 2298; baseline -0.001 -26"><span class='ocrx_word' id='word_1_141' title='bbox 127 2208 177 2272; x_wconf 84' lang='lat' dir='ltr'>illi</span> <span class='ocrx_word' id='word_1_142' title='bbox 193 2222 336 2288; x_wconf 86' lang='lat' dir='ltr'>senatus,</span> <span class='ocrx_word' id='word_1_143' title='bbox 352 2232 547 2298; x_wconf 89' lang='lat' dir='ltr'>quamquam</span> <span class='ocrx_word' id='word_1_144' title='bbox 567 2210 717 2277; x_wconf 89' lang='lat' dir='ltr'>adversus</span> <span class='ocrx_word' id='word_1_145' title='bbox 738 2224 820 2288; x_wconf 86' lang='lat' dir='ltr'>erat,</span> <span class='ocrx_word' id='word_1_146' title='bbox 841 2208 880 2273; x_wconf 89' lang='lat' dir='ltr'><strong>de</strong></span> <span class='ocrx_word' id='word_1_147' title='bbox 901 2207 968 2273; x_wconf 92' lang='lat' dir='ltr'>ullo</span> <span class='ocrx_word' id='word_1_148' title='bbox 992 2208 1118 2296; x_wconf 84' lang='lat' dir='ltr'><strong>negotio</strong></span> <span class='ocrx_word' id='word_1_149' title='bbox 1141 2207 1196 2271; x_wconf 90' lang='lat' dir='ltr'>ab·</span> 
     </span>
    </p>

    <p class='ocr_par' dir='ltr' id='par_1_6' title="bbox 106 2314 1217 3256">
     <span class='ocr_line' id='line_1_19' title="bbox 106 2314 1196 2409; baseline 0.001 -30"><span class='ocrx_word' id='word_1_150' title='bbox 106 2404 110 2409; x_wconf 91' lang='lat'><em>.</em></span> <span class='ocrx_word' id='word_1_151' title='bbox 126 2339 225 2380; x_wconf 88' lang='lat' dir='ltr'>nuere</span> <span class='ocrx_word' id='word_1_152' title='bbox 241 2316 388 2384; x_wconf 88' lang='lat' dir='ltr'>audebat:</span> <span class='ocrx_word' id='word_1_153' title='bbox 405 2331 545 2385; x_wconf 77' lang='lat' dir='ltr'>ceterum</span> <span class='ocrx_word' id='word_1_154' title='bbox 561 2317 818 2407; x_wconf 89' lang='lat' dir='ltr'>supplementum</span> <span class='ocrx_word' id='word_1_155' title='bbox 834 2318 929 2382; x_wconf 88' lang='lat' dir='ltr'>etiam</span> <span class='ocrx_word' id='word_1_156' title='bbox 938 2317 1040 2380; x_wconf 88' lang='lat' dir='ltr'>laetus</span> <span class='ocrx_word' id='word_1_157' title='bbox 1051 2314 1196 2380; x_wconf 74' lang='lat' dir='ltr'><strong>decreve-</strong></span> 
     </span>
     <span class='ocr_line' id='line_1_20' title="bbox 127 2423 1197 2512; baseline -0.001 -25"><span class='ocrx_word' id='word_1_158' title='bbox 127 2438 193 2488; x_wconf 87' lang='lat' dir='ltr'>rat:</span> <span class='ocrx_word' id='word_1_159' title='bbox 211 2425 287 2512; x_wconf 92' lang='lat' dir='ltr'>quia</span> <span class='ocrx_word' id='word_1_160' title='bbox 305 2447 410 2512; x_wconf 89' lang='lat' dir='ltr'>neque</span> <span class='ocrx_word' id='word_1_161' title='bbox 424 2424 513 2512; x_wconf 88' lang='lat' dir='ltr'>plebi</span> <span class='ocrx_word' id='word_1_162' title='bbox 531 2430 542 2463; x_wconf 96' lang='lat'>⁷</span> <span class='ocrx_word' id='word_1_163' title='bbox 557 2424 705 2487; x_wconf 86' lang='lat' dir='ltr'>militiam</span> <span class='ocrx_word' id='word_1_164' title='bbox 720 2424 840 2490; x_wconf 87' lang='lat' dir='ltr'>volenti</span> <span class='ocrx_word' id='word_1_165' title='bbox 859 2423 1048 2511; x_wconf 87' lang='lat' dir='ltr'>putabatur,</span> <span class='ocrx_word' id='word_1_166' title='bbox 1072 2437 1104 2486; x_wconf 89' lang='lat' dir='ltr'>et</span> <span class='ocrx_word' id='word_1_167' title='bbox 1127 2423 1197 2486; x_wconf 89' lang='lat' dir='ltr'>Ma·</span> 
     </span>
     <span class='ocr_line' id='line_1_21' title="bbox 125 2528 1196 2619; baseline -0.002 -25"><span class='ocrx_word' id='word_1_168' title='bbox 125 2530 193 2595; x_wconf 91' lang='lat' dir='ltr'>rius</span> <span class='ocrx_word' id='word_1_169' title='bbox 210 2545 265 2594; x_wconf 90' lang='lat' dir='ltr'>aut</span> <span class='ocrx_word' id='word_1_170' title='bbox 279 2531 354 2594; x_wconf 89' lang='lat' dir='ltr'>belli</span> <span class='ocrx_word' id='word_1_171' title='bbox 370 2553 480 2608; x_wconf 92' lang='lat' dir='ltr'>usum,</span> <span class='ocrx_word' id='word_1_172' title='bbox 505 2543 559 2595; x_wconf 88' lang='lat' dir='ltr'>aut</span> <span class='ocrx_word' id='word_1_173' title='bbox 584 2530 726 2594; x_wconf 87' lang='lat' dir='ltr'>studium</span> <span class='ocrx_word' id='word_1_174' title='bbox 750 2530 839 2619; x_wconf 87' lang='lat' dir='ltr'>vulgi</span> <span class='ocrx_word' id='word_1_175' title='bbox 863 2531 1048 2595; x_wconf 87' lang='lat' dir='ltr'>amissurus.</span> <span class='ocrx_word' id='word_1_176' title='bbox 1072 2528 1137 2593; x_wconf 89' lang='lat' dir='ltr'><strong>Sed</strong></span> <span class='ocrx_word' id='word_1_177' title='bbox 1157 2552 1196 2592; x_wconf 90' lang='lat' dir='ltr'>ea</span> 
     </span>
     <span class='ocr_line' id='line_1_22' title="bbox 126 2635 1198 2726; baseline -0.002 -24"><span class='ocrx_word' id='word_1_178' title='bbox 126 2660 177 2702; x_wconf 90' lang='lat' dir='ltr'>res</span> <span class='ocrx_word' id='word_1_179' title='bbox 193 2635 310 2701; x_wconf 79' lang='lat' dir='ltr'>frustra</span> <span class='ocrx_word' id='word_1_180' title='bbox 326 2651 458 2726; x_wconf 89' lang='lat' dir='ltr'>sperata.</span> <span class='ocrx_word' id='word_1_181' title='bbox 470 2638 573 2700; x_wconf 88' lang='lat' dir='ltr'>Tanta</span> <span class='ocrx_word' id='word_1_182' title='bbox 585 2635 696 2701; x_wconf 89' lang='lat' dir='ltr'>lubido</span> <span class='ocrx_word' id='word_1_183' title='bbox 713 2660 786 2702; x_wconf 89' lang='lat' dir='ltr'>eum</span> <span class='ocrx_word' id='word_1_184' title='bbox 797 2638 901 2701; x_wconf 87' lang='lat' dir='ltr'>Mario</span> <span class='ocrx_word' id='word_1_185' title='bbox 917 2637 1016 2702; x_wconf 89' lang='lat' dir='ltr'>eundi</span> <span class='ocrx_word' id='word_1_186' title='bbox 1024 2637 1198 2726; x_wconf 88' lang='lat' dir='ltr'>plerosque</span> 
     </span>
     <span class='ocr_line' id='line_1_23' title="bbox 125 2744 1195 2834; baseline 0.002 -26"><span class='ocrx_word' id='word_1_187' title='bbox 125 2745 301 2815; x_wconf 78' lang='lat' dir='ltr'>invaserat:</span> <span class='ocrx_word' id='word_1_188' title='bbox 327 2767 393 2808; x_wconf 89' lang='lat' dir='ltr'>sese</span> <span class='ocrx_word' id='word_1_189' title='bbox 418 2744 553 2832; x_wconf 89' lang='lat' dir='ltr'>quisque</span> <span class='ocrx_word' id='word_1_190' title='bbox 574 2744 692 2834; x_wconf 87' lang='lat' dir='ltr'>praeda</span> <span class='ocrx_word' id='word_1_191' title='bbox 714 2744 911 2833; x_wconf 86' lang='lat' dir='ltr'>locupletem‘</span> <span class='ocrx_word' id='word_1_192' title='bbox 929 2744 1014 2825; x_wconf 84' lang='lat' dir='ltr'>fore,</span> <span class='ocrx_word' id='word_1_193' title='bbox 1037 2746 1195 2811; x_wconf 80' lang='lat' dir='ltr'>victorem</span> 
     </span>
     <span class='ocr_line' id='line_1_24' title="bbox 128 2851 1194 2936; baseline -0.004 -18"><span class='ocrx_word' id='word_1_194' title='bbox 128 2851 259 2919; x_wconf 85' lang='lat' dir='ltr'>domum</span> <span class='ocrx_word' id='word_1_195' title='bbox 274 2851 467 2932; x_wconf 88' lang='lat' dir='ltr'>rediturum,</span> <span class='ocrx_word' id='word_1_196' title='bbox 490 2852 552 2925; x_wconf 82' lang='lat' dir='ltr'>alia</span> <span class='ocrx_word' id='word_1_197' title='bbox 574 2851 795 2936; x_wconf 83' lang='lat' dir='ltr'>hujuscemodi</span> <span class='ocrx_word' id='word_1_198' title='bbox 818 2852 932 2917; x_wconf 88' lang='lat' dir='ltr'>animis</span> <span class='ocrx_word' id='word_1_199' title='bbox 955 2851 1143 2916; x_wconf 87' lang='lat' dir='ltr'>trahebant:</span> <span class='ocrx_word' id='word_1_200' title='bbox 1162 2865 1194 2915; x_wconf 90' lang='lat' dir='ltr'>et</span> 
     </span>
     <span class='ocr_line' id='line_1_25' title="bbox 127 2958 1217 3047; baseline -0.004 -24"><span class='ocrx_word' id='word_1_201' title='bbox 127 2982 181 3023; x_wconf 88' lang='lat' dir='ltr'>eos</span> <span class='ocrx_word' id='word_1_202' title='bbox 196 2981 261 3023; x_wconf 89' lang='lat' dir='ltr'>non</span> <span class='ocrx_word' id='word_1_203' title='bbox 276 2959 421 3047; x_wconf 92' lang='lat' dir='ltr'>paullum</span> <span class='ocrx_word' id='word_1_204' title='bbox 437 2959 579 3028; x_wconf 87' lang='lat' dir='ltr'>oratioue</span> <span class='ocrx_word' id='word_1_205' title='bbox 595 2982 653 3024; x_wconf 86' lang='lat' dir='ltr'>sua</span> <span class='ocrx_word' id='word_1_206' title='bbox 668 2958 792 3023; x_wconf 87' lang='lat' dir='ltr'>Marius</span> <span class='ocrx_word' id='word_1_207' title='bbox 816 2959 984 3024; x_wconf 81' lang='lat' dir='ltr'>adrexerat.</span> <span class='ocrx_word' id='word_1_208' title='bbox 1012 2959 1095 3025; x_wconf 89' lang='lat' dir='ltr'>Nam</span> <span class='ocrx_word' id='word_1_209' title='bbox 1110 2972 1198 3047; x_wconf 87' lang='lat' dir='ltr'>post·</span> <span class='ocrx_word' id='word_1_210' title='bbox 1215 3013 1217 3019; x_wconf 93' lang='lat'><em>.</em></span> 
     </span>
     <span class='ocr_line' id='line_1_26' title="bbox 128 3064 1197 3160; baseline -0.002 -32"><span class='ocrx_word' id='word_1_211' title='bbox 128 3089 244 3154; x_wconf 89' lang='lat' dir='ltr'>quam,</span> <span class='ocrx_word' id='word_1_212' title='bbox 267 3066 431 3145; x_wconf 89' lang='lat' dir='ltr'>omnihus,</span> <span class='ocrx_word' id='word_1_213' title='bbox 452 3090 533 3160; x_wconf 87' lang='lat' dir='ltr'>quae</span> <span class='ocrx_word' id='word_1_214' title='bbox 554 3067 788 3157; x_wconf 78' lang='lat' dir='ltr'>postulaverat,</span> <span class='ocrx_word' id='word_1_215' title='bbox 807 3065 957 3146; x_wconf 76' lang='lat' dir='ltr'>decretis,</span> <span class='ocrx_word' id='word_1_216' title='bbox 980 3067 1096 3130; x_wconf 89' lang='lat' dir='ltr'>milites</span> <span class='ocrx_word' id='word_1_217' title='bbox 1121 3064 1197 3128; x_wconf 86' lang='lat' dir='ltr'>sori·</span> 
     </span>
     <span class='ocr_line' id='line_1_27' title="bbox 128 3172 1198 3256; baseline -0.004 -17"><span class='ocrx_word' id='word_1_218' title='bbox 128 3173 203 3239; x_wconf 85' lang='lat' dir='ltr'>bere</span> <span class='ocrx_word' id='word_1_219' title='bbox 217 3173 303 3253; x_wconf 80' lang='lat' dir='ltr'>vult,</span> <span class='ocrx_word' id='word_1_220' title='bbox 322 3172 471 3238; x_wconf 88' lang='lat' dir='ltr'>hortandi</span> <span class='ocrx_word' id='word_1_221' title='bbox 493 3197 623 3256; x_wconf 84' lang='lat' dir='ltr'>caussa,</span> <span class='ocrx_word' id='word_1_222' title='bbox 648 3174 745 3240; x_wconf 90' lang='lat' dir='ltr'>simul</span> <span class='ocrx_word' id='word_1_223' title='bbox 768 3188 798 3237; x_wconf 90' lang='lat' dir='ltr'>et</span> <span class='ocrx_word' id='word_1_224' title='bbox 819 3173 1032 3253; x_wconf 86' lang='lat' dir='ltr'>nobilitatem,</span> <span class='ocrx_word' id='word_1_225' title='bbox 1053 3172 1101 3239; x_wconf 88' lang='lat' dir='ltr'>uti</span> <span class='ocrx_word' id='word_1_226' title='bbox 1122 3195 1198 3236; x_wconf 80' lang='lat' dir='ltr'><strong>con·</strong></span> 
     </span>
    </p>
   </div>
   <div class='ocr_carea' id='block_1_3' title="bbox 91 3350 1203 3807">
    <p class='ocr_par' dir='ltr' id='par_1_7' title="bbox 91 3350 1203 3807">
     <span class='ocr_line' id='line_1_28' title="bbox 151 3350 1200 3433; baseline 0.001 -25"><span class='ocrx_word' id='word_1_227' title='bbox 151 3372 162 3408; x_wconf 87' lang='lat'>1</span> <span class='ocrx_word' id='word_1_228' title='bbox 185 3350 276 3407; x_wconf 90' lang='lat' dir='ltr'>Idest:</span> <span class='ocrx_word' id='word_1_229' title='bbox 298 3353 533 3426; x_wconf 74' lang='lat' dir='ltr'>conjungendae</span> <span class='ocrx_word' id='word_1_230' title='bbox 550 3357 645 3408; x_wconf 82' lang='lat' dir='ltr'>socie·</span> <span class='ocrx_word' id='word_1_231' title='bbox 704 3377 719 3433; x_wconf 82' lang='lat'><strong>7</strong></span> <span class='ocrx_word' id='word_1_232' title='bbox 740 3353 840 3428; x_wconf 87' lang='lat' dir='ltr'>Neque</span> <span class='ocrx_word' id='word_1_233' title='bbox 861 3354 943 3430; x_wconf 85' lang='lat' dir='ltr'>plebs</span> <span class='ocrx_word' id='word_1_234' title='bbox 968 3353 1127 3430; x_wconf 86' lang='lat' dir='ltr'>putabatur</span> <span class='ocrx_word' id='word_1_235' title='bbox 1148 3373 1200 3411; x_wconf 85' lang='lat' dir='ltr'>vo-</span> 
     </span>
     <span class='ocr_line' id='line_1_29' title="bbox 129 3428 1200 3500; baseline -0.002 -15"><span class='ocrx_word' id='word_1_236' title='bbox 129 3433 202 3486; x_wconf 83' lang='lat' dir='ltr'>tatis</span> <span class='ocrx_word' id='word_1_237' title='bbox 214 3437 250 3483; x_wconf 71' lang='lat' dir='ltr'>et</span> <span class='ocrx_word' id='word_1_238' title='bbox 268 3428 405 3500; x_wconf 74' lang='lat' dir='ltr'>foederis</span> <span class='ocrx_word' id='word_1_239' title='bbox 428 3429 592 3484; x_wconf 82' lang='lat' dir='ltr'>sanciendi.</span> <span class='ocrx_word' id='word_1_240' title='bbox 684 3430 746 3487; x_wconf 88' lang='lat' dir='ltr'>lens</span> <span class='ocrx_word' id='word_1_241' title='bbox 768 3430 890 3487; x_wconf 86' lang='lat' dir='ltr'>militiae:</span> <span class='ocrx_word' id='word_1_242' title='bbox 905 3431 1040 3488; x_wconf 87' lang='lat' dir='ltr'>continuo</span> <span class='ocrx_word' id='word_1_243' title='bbox 1052 3429 1127 3485; x_wconf 90' lang='lat' dir='ltr'>euim</span> <span class='ocrx_word' id='word_1_244' title='bbox 1138 3428 1200 3484; x_wconf 86' lang='lat' dir='ltr'><strong>bel·</strong></span> 
     </span>
     <span class='ocr_line' id='line_1_30' title="bbox 149 3501 1200 3580; baseline -0.001 -20"><span class='ocrx_word' id='word_1_245' title='bbox 149 3501 344 3580; x_wconf 81' lang='lat' dir='ltr'>aSupplezNe</span> <span class='ocrx_word' id='word_1_246' title='bbox 352 3507 512 3560; x_wconf 83' lang='lat' dir='ltr'>remMarii</span> <span class='ocrx_word' id='word_1_247' title='bbox 519 3514 646 3561; x_wconf 79' lang='lat' dir='ltr'>curaret.</span> <span class='ocrx_word' id='word_1_248' title='bbox 686 3507 781 3564; x_wconf 90' lang='lat' dir='ltr'>lorum</span> <span class='ocrx_word' id='word_1_249' title='bbox 792 3505 890 3563; x_wconf 89' lang='lat' dir='ltr'>labore</span> <span class='ocrx_word' id='word_1_250' title='bbox 896 3508 966 3565; x_wconf 80' lang='lat' dir='ltr'>sessa</span> <span class='ocrx_word' id='word_1_251' title='bbox 976 3505 1105 3562; x_wconf 84' lang='lat' dir='ltr'>militiam</span> <span class='ocrx_word' id='word_1_252' title='bbox 1117 3524 1200 3561; x_wconf 88' lang='lat' dir='ltr'>recu·</span> 
     </span>
     <span class='ocr_line' id='line_1_31' title="bbox 91 3578 1201 3660; baseline -0.003 -24"><span class='ocrx_word' id='word_1_253' title='bbox 91 3603 94 3608; x_wconf 78' lang='grc'>’</span> <span class='ocrx_word' id='word_1_254' title='bbox 148 3578 333 3636; x_wconf 83' lang='lat' dir='ltr'>3Assiduus.</span> <span class='ocrx_word' id='word_1_255' title='bbox 684 3583 773 3639; x_wconf 86' lang='lat' dir='ltr'>sabat.</span> <span class='ocrx_word' id='word_1_256' title='bbox 786 3584 942 3660; x_wconf 84' lang='lat' dir='ltr'><strong>Propterea</strong></span> <span class='ocrx_word' id='word_1_257' title='bbox 964 3582 1099 3659; x_wconf 87' lang='lat' dir='ltr'>sperabat</span> <span class='ocrx_word' id='word_1_258' title='bbox 1119 3599 1201 3635; x_wconf 88' lang='lat' dir='ltr'>sena·</span> 
     </span>
     <span class='ocr_line' id='line_1_32' title="bbox 147 3653 1203 3734; baseline 0.001 -24"><span class='ocrx_word' id='word_1_259' title='bbox 147 3655 167 3726; x_wconf 73' lang='grc'>4</span> <span class='ocrx_word' id='word_1_260' title='bbox 187 3657 348 3731; x_wconf 84' lang='lat' dir='ltr'>Tamquam</span> <span class='ocrx_word' id='word_1_261' title='bbox 366 3653 401 3712; x_wconf 91' lang='lat' dir='ltr'><strong>de</strong></span> <span class='ocrx_word' id='word_1_262' title='bbox 414 3655 490 3713; x_wconf 87' lang='lat' dir='ltr'>victa</span> <span class='ocrx_word' id='word_1_263' title='bbox 499 3654 646 3714; x_wconf 88' lang='lat' dir='ltr'>nobilitate</span> <span class='ocrx_word' id='word_1_264' title='bbox 683 3671 730 3715; x_wconf 90' lang='lat' dir='ltr'>tus</span> <span class='ocrx_word' id='word_1_265' title='bbox 739 3659 861 3717; x_wconf 85' lang='lat' dir='ltr'>Marium</span> <span class='ocrx_word' id='word_1_266' title='bbox 869 3660 915 3717; x_wconf 88' lang='lat' dir='ltr'>vel</span> <span class='ocrx_word' id='word_1_267' title='bbox 925 3661 984 3715; x_wconf 89' lang='lat' dir='ltr'>sine</span> <span class='ocrx_word' id='word_1_268' title='bbox 994 3655 1203 3734; x_wconf 90' lang='lat' dir='ltr'>supplementis</span> 
     </span>
     <span class='ocr_line' id='line_1_33' title="bbox 131 3730 1202 3807; baseline -0.003 -16"><span class='ocrx_word' id='word_1_269' title='bbox 131 3730 230 3807; x_wconf 77' lang='lat' dir='ltr'>spolia·</span> <span class='ocrx_word' id='word_1_270' title='bbox 683 3735 793 3792; x_wconf 88' lang='lat' dir='ltr'>bellum</span> <span class='ocrx_word' id='word_1_271' title='bbox 814 3735 962 3792; x_wconf 82' lang='lat' dir='ltr'>infeliciter</span> <span class='ocrx_word' id='word_1_272' title='bbox 988 3732 1202 3788; x_wconf 85' lang='lat' dir='ltr'>administratu-</span> 
     </span>
    </p>
   </div>
   <div class='ocr_carea' id='block_1_4' title="bbox 150 3805 1295 3888">
    <p class='ocr_par' dir='ltr' id='par_1_8' title="bbox 150 3805 1295 3888">
     <span class='ocr_line' id='line_1_34' title="bbox 150 3805 1295 3888; baseline 0.003 -26"><span class='ocrx_word' id='word_1_273' title='bbox 150 3805 167 3862; x_wconf 87' lang='lat'>5</span> <span class='ocrx_word' id='word_1_274' title='bbox 183 3806 258 3876; x_wconf 86' lang='lat' dir='ltr'>Quia</span> <span class='ocrx_word' id='word_1_275' title='bbox 268 3826 350 3885; x_wconf 85' lang='lat' dir='ltr'>saepe</span> <span class='ocrx_word' id='word_1_276' title='bbox 359 3807 450 3865; x_wconf 84' lang='lat' dir='ltr'>famae</span> <span class='ocrx_word' id='word_1_277' title='bbox 459 3827 518 3864; x_wconf 92' lang='lat' dir='ltr'>non</span> <span class='ocrx_word' id='word_1_278' title='bbox 527 3827 646 3885; x_wconf 84' lang='lat' dir='ltr'>respon·</span> <span class='ocrx_word' id='word_1_279' title='bbox 686 3832 762 3880; x_wconf 88' lang='lat' dir='ltr'>rum,</span> <span class='ocrx_word' id='word_1_280' title='bbox 773 3811 829 3881; x_wconf 89' lang='lat' dir='ltr'>vel,</span> <span class='ocrx_word' id='word_1_281' title='bbox 841 3812 864 3866; x_wconf 93' lang='lat' dir='ltr'>si</span> <span class='ocrx_word' id='word_1_282' title='bbox 876 3808 1075 3888; x_wconf 84' lang='lat' dir='ltr'>supplementa</span> <span class='ocrx_word' id='word_1_283' title='bbox 1095 3809 1202 3865; x_wconf 87' lang='lat' dir='ltr'>scribe·</span> <span class='ocrx_word' id='word_1_284' title='bbox 1294 3860 1295 3865; x_wconf 75' lang='grc'>,</span> 
     </span>
    </p>
   </div>
   <div class='ocr_carea' id='block_1_5' title="bbox 76 3881 1202 4098">
    <p class='ocr_par' dir='ltr' id='par_1_9' title="bbox 76 3881 1202 4098">
     <span class='ocr_line' id='line_1_35' title="bbox 130 3881 1202 3960; baseline 0.004 -23"><span class='ocrx_word' id='word_1_285' title='bbox 130 3881 201 3937; x_wconf 88' lang='lat' dir='ltr'><strong>dent</strong></span> <span class='ocrx_word' id='word_1_286' title='bbox 221 3881 303 3940; x_wconf 83' lang='lat' dir='ltr'>saeta.</span> <span class='ocrx_word' id='word_1_287' title='bbox 686 3901 730 3945; x_wconf 87' lang='lat' dir='ltr'>ret</span> <span class='ocrx_word' id='word_1_288' title='bbox 746 3900 775 3945; x_wconf 84' lang='lat' dir='ltr'>et</span> <span class='ocrx_word' id='word_1_289' title='bbox 800 3887 928 3945; x_wconf 88' lang='lat' dir='ltr'>uolentes</span> <span class='ocrx_word' id='word_1_290' title='bbox 958 3897 1072 3960; x_wconf 79' lang='lat' dir='ltr'>cogeret</span> <span class='ocrx_word' id='word_1_291' title='bbox 1092 3883 1129 3939; x_wconf 84' lang='lat' dir='ltr'>ad</span> <span class='ocrx_word' id='word_1_292' title='bbox 1149 3886 1202 3941; x_wconf 89' lang='lat' dir='ltr'>mi-</span> 
     </span>
     <span class='ocr_line' id='line_1_36' title="bbox 76 3956 1202 4042; baseline 0.007 -30"><span class='ocrx_word' id='word_1_293' title='bbox 76 3964 80 3965; x_wconf 70' lang='grc'>’</span> <span class='ocrx_word' id='word_1_294' title='bbox 149 3956 247 4026; x_wconf 87' lang='lat' dir='ltr'>6-Qui</span> <span class='ocrx_word' id='word_1_295' title='bbox 260 3970 372 4034; x_wconf 87' lang='lat' dir='ltr'>tempus</span> <span class='ocrx_word' id='word_1_296' title='bbox 382 3959 495 4037; x_wconf 78' lang='lat' dir='ltr'>legibus</span> <span class='ocrx_word' id='word_1_297' title='bbox 509 3962 648 4022; x_wconf 85' lang='lat' dir='ltr'>eonstitu-</span> <span class='ocrx_word' id='word_1_298' title='bbox 686 3962 803 4034; x_wconf 85' lang='lat' dir='ltr'>litiam,</span> <span class='ocrx_word' id='word_1_299' title='bbox 827 3962 921 4042; x_wconf 87' lang='lat' dir='ltr'>plebis</span> <span class='ocrx_word' id='word_1_300' title='bbox 940 3962 1059 4041; x_wconf 80' lang='lat' dir='ltr'>gratiam</span> <span class='ocrx_word' id='word_1_301' title='bbox 1081 3961 1202 4020; x_wconf 78' lang='lat' dir='ltr'>antissu·</span> 
     </span>
     <span class='ocr_line' id='line_1_37' title="bbox 132 4032 758 4098; baseline 0.003 -4"><span class='ocrx_word' id='word_1_302' title='bbox 132 4046 195 4094; x_wconf 87' lang='lat' dir='ltr'>tum</span> <span class='ocrx_word' id='word_1_303' title='bbox 206 4032 320 4093; x_wconf 83' lang='lat' dir='ltr'>militiae</span> <span class='ocrx_word' id='word_1_304' title='bbox 332 4034 477 4096; x_wconf 81' lang='lat' dir='ltr'>dederant.</span> <span class='ocrx_word' id='word_1_305' title='bbox 684 4059 758 4098; x_wconf 86' lang='lat' dir='ltr'>rum.</span> 
     </span>
    </p>
   </div>
   <div class='ocr_carea' id='block_1_6' title="bbox 0 0 1459 4748">
    <p class='ocr_par' dir='ltr' id='par_1_10' title="bbox 0 0 1459 4748">
     <span class='ocr_line' id='line_1_38' title="bbox 0 0 1459 4748; baseline 0 0"><span class='ocrx_word' id='word_1_306' title='bbox 0 0 1459 4748; x_wconf 95' lang='lat' dir='ltr'> </span> 
     </span>
    </p>
   </div>
  </div>
 </body>
</html>
