2888 4748
402 242 590 384 BELLUM
612 301 949 376 JUGURTR'INUM
1143 324 1210 367 rar

143 480 253 546 eitiunt
264 524 274 556 ,
287 438 406 562 perque
424 465 659 554 Rempublicom
676 461 839 540 obsecrat,
862 483 901 523 ne
927 480 1022 546 quom
1047 471 1204 525 contume-

145 590 222 652 liam
238 603 399 649 remanere
416 581 448 641 in
465 577 607 639 exercitu
624 573 759 648 victore,
774 593 848 633 nere
864 569 966 632 hostes
983 570 1101 633 inultos
1116 571 1206 636 obire

144 697 237 758 sinat.
266 665 325 754 Ille
347 684 436 752 brevi
456 681 603 747 mandata
626 676 731 743 efficit.
758 675 802 740 At
824 674 985 764 Iugurtha
1007 677 1206 742 munimento

145 814 322 866 castrorum
352 791 531 882 inpeditus,
556 808 628 852 cum
652 785 707 849 alii
743 806 839 872 super
868 783 988 848 vallum
1017 784 1207 872 praecipita-

146 923 275 986 rentur,
298 903 353 968 alii
375 901 409 963 in
432 895 586 986 angustiis
602 898 610 957 ἶ
627 893 689 982 ipsi
713 891 773 956 sibi
797 904 1003 979 properantes
1025 888 1210 972 officerent,

146 1013 256 1080 multis
279 1007 422 1085 amissis,
445 1005 480 1067 in
499 1002 570 1066 loca
593 999 717 1063 munita
741 1021 808 1061 sese
832 996 954 1086 recipit.
979 997 1147 1079 Metellus,
1163 997 1211 1061 in-

146 1120 230 1186 fecto
246 1115 390 1205 negotio,
404 1123 573 1201 postquam
587 1130 651 1174 nox
666 1106 789 1186 aderat,
804 1105 838 1167 in
855 1118 957 1206 castra
976 1126 1051 1169 cum
1070 1104 1210 1170 exercitu

147 1225 328 1292 revortitur.

194 1329 319 1396 LXIII.
344 1327 447 1416 Igitur
462 1339 589 1416 postero
606 1325 674 1404 die,
688 1323 778 1415 prius
795 1344 891 1411 quam
907 1321 947 1386 ad
962 1320 1214 1410 obpugnandum
1268 1313 1270 1318 ’

149 1427 369 1528 egrederetur,
392 1435 567 1522 equitatum
591 1455 715 1497 omnem
730 1433 763 1495 in
782 1454 818 1495 ea
840 1445 947 1520 parte,
971 1452 1035 1519 qua
1055 1430 1138 1519 regis
1159 1429 1214 1493 ad-

148 1560 263 1614 ventus
285 1556 368 1624 erat,
390 1564 450 1632 pro
473 1540 586 1605 castris
609 1540 726 1628 agitare
749 1539 857 1621 jubet:
873 1552 982 1627 portas
1005 1551 1036 1601 et
1058 1559 1215 1627 proxuma

149 1654 220 1718 loca
249 1638 385 1716 tribunis
417 1648 586 1737 dispertit:
614 1647 729 1712 deinde
752 1647 821 1736 ipse
843 1647 948 1736 pergit
971 1644 1011 1710 ad
1034 1645 1217 1735 oppidum,

150 1775 260 1849 atque,
282 1759 330 1823 uti
354 1757 518 1845 superiore
541 1753 610 1834 die,
634 1777 761 1818 murum
784 1753 974 1841 adgreditur.
999 1754 1132 1817 Interim
1155 1756 1215 1822 Ju-

149 1866 265 1956 gurtha
288 1888 325 1928 ex
349 1863 475 1927 occulto
497 1874 627 1949 repente
651 1874 774 1924 nostros
798 1859 926 1924 invadit.
953 1860 1018 1944 Qui
1041 1861 1075 1924 in
1098 1884 1215 1950 proxu-

151 1995 204 2037 mo
227 1970 323 2034 locati
346 1968 490 2045 fuerant,
512 1966 688 2056 paullisper
711 1966 812 2031 territi
835 1966 1081 2056 perturbantur:
1099 1969 1217 2057 reliqui

151 2078 215 2142 cito
237 2075 440 2139 subveniunt.
465 2073 576 2161 Neque
599 2072 720 2138 diutius
744 2074 901 2139 Numidae
924 2074 1069 2138 resistere
1098 2075 1216 2162 quivis·

152 2197 242 2262 sent,
265 2182 299 2245 ni
322 2180 443 2270 pedites
471 2203 546 2244 cum
575 2180 735 2269 equitibus
758 2181 902 2270 permisti
925 2204 1072 2270 magnam
1095 2182 1217 2248 cladem

151 2290 186 2354 in
210 2312 380 2377 congressu
403 2287 561 2353 lacerent:
578 2288 695 2376 quibus
714 2288 762 2351 illi
782 2289 855 2353 freti
868 2295 895 2369 ¹,
918 2312 983 2352 non
1007 2290 1056 2355 uti
1078 2291 1218 2377 equestri

151 2397 274 2488 proelio
298 2398 388 2476 solet,
411 2395 521 2483 sequi,
544 2397 619 2460 dein
643 2394 764 2474 cedere,
788 2395 842 2460 sed
867 2395 1007 2462 advorsis
1030 2397 1121 2485 equis
1144 2420 1218 2462 cou-

151 2528 305 2585 currere,
336 2504 491 2592 inplicare
527 2526 564 2568 ac
594 2502 782 2593 perturbare
811 2503 939 2569 aciem:
966 2504 1037 2586 ita,
1064 2505 1219 2596 expeditis

151 2610 313 2704 peditibus
337 2612 423 2692 suia,
446 2608 546 2676 hostis
568 2634 670 2700 paene
693 2611 795 2677 victos
818 2611 901 2677 dare.
1315 2700 1320 2706 .

200 2718 324 2783 LXIV.
349 2718 471 2782 Eodem
493 2733 635 2809 tempore
658 2719 744 2809 apud
769 2720 901 2783 Zamam
927 2741 1041 2809 magna
1063 2719 1096 2788 ri
1120 2735 1218 2787 certa·

151 2827 255 2893 batur.
280 2825 347 2890 Ubi
362 2826 497 2914 quisque
513 2826 635 2915 legatus
651 2841 706 2891 aut
720 2827 868 2891 tribunus
887 2810 1034 2908 curabat,
1055 2850 1092 2893 eo
1115 2850 1219 2895 aecer·
1275 2828 1277 2832 ’

99 2995 107 3014 ,
152 2956 243 2998 rume
266 2934 337 3015 niti,
361 2956 465 3023 neque
489 2935 571 2998 alius
595 2935 629 2997 in
653 2935 715 2998 alio
738 2935 854 3024 magis,
877 2959 973 3024 quam
991 2937 1025 3000 in
1047 2960 1114 3002 sese
1131 2959 1222 3025 spem
1277 2997 1279 3000 .

152 3039 293 3106 habere:
317 3041 500 3131 pariterque
523 3041 677 3131 'oppidani
700 3065 803 3130 agere,
827 3045 1026 3133 obpugnare,
1051 3059 1106 3109 aut
1128 3067 1219 3133 para-

153 3169 189 3212 re
213 3159 224 3197 ³
246 3149 393 3214 omnibus
416 3149 523 3215 locis.-
547 3149 670 3214 avidius
694 3151 785 3214 alteri
809 3151 923 3217 alteros
947 3151 1101 3234 sauciare,
1122 3176 1220 3243 quam

156 3268 255 3318 semet
280 3268 411 3340 tegere:
442 3257 562 3319 clamor
584 3257 755 3346 permistus
781 3258 981 3338 hortatione,
1005 3259 1141 3342 laetitia,
1168 3282 1220 3351 ge·

128 3413 131 3419 .
155 3360 255 3425 mitu:
274 3361 349 3424 item
373 3362 521 3450 strepitus
544 3385 704 3426 armorum
719 3364 758 3427 ad
774 3367 898 3430 coelum
920 3366 995 3431 ferri
1009 3393 1015 3429 ι
1031 3368 1094 3432 tela
1108 3371 1219 3434 utrim-

156 3489 219 3557 que
240 3467 357 3535 volare.
384 3466 447 3531 Sed
470 3468 535 3549 illi,
558 3470 615 3558 qui
637 3472 763 3535 moenia
786 3472 1010 3556 defensabant,
1033 3476 1089 3540 ubi
1111 3475 1219 3542 hostes

178 3649 372 3708 rPortarum.
445 3696 448 3708 .
706 3653 902 3726 confidebant3
921 3676 988 3712 cum
1003 3655 1125 3725 Romani
1137 3658 1218 3731 equi-

175 3743 191 3779 a
210 3724 371 3801 Iugurthae
387 3727 496 3800 equites
512 3725 668 3802 peditibus,
705 3744 747 3787 tes
759 3752 841 3806 aegre
853 3732 1012 3807 equitatum
1023 3730 1219 3807 etpeditatum
1309 3747 1311 3752 ’

157 3801 208 3875 qui
219 3800 337 3856 admixti
347 3801 623 3871 fuerant,sreti,nou
636 3817 668 3862 ut
705 3807 895 3864 Numidarum
905 3821 1022 3883 possent
1033 3807 1180 3866 sustinere.
1263 3826 1266 3834 ’

157 3891 240 3934 antea
251 3879 419 3953 pugnabant
431 3879 589 3947 irruentes,
609 3893 670 3937 turn
725 3883 743 3941 3
765 3885 846 3954 Quae
859 3883 933 3959 ⁴usui
950 3898 1043 3944 essent
1060 3883 1097 3941 ad
1105 3905 1217 3963 propu-

157 3955 382 4025 retrocedentem
402 3955 451 4012 sed
469 3967 545 4012 recta
562 3957 591 4012 in
602 3955 669 4013 hos·
708 3962 880 4039 gnatioucna.

157 4043 215 4086 tcm
230 4035 443 4110 procedebant,
466 4025 493 4093 et
504 4033 539 4092 de
550 4035 669 4096 victoria
