2888 4748
384 319 706 393 ursroararun
730 286 1018 389 rraouuum
1183 326 1269 416 239·

177 491 197 542 ἰ
207 500 255 567 72.
280 473 322 541 Et
336 473 416 540 forte
431 475 465 538 in
481 472 658 562 navigando
675 471 789 536 cohors
805 495 870 537 una
886 473 998 562 grandi
1013 472 1144 562 phaselo
1156 491 1248 542 vecta

248 608 267 648 a
284 583 415 648 caeteris
438 581 610 660 deerravit,
631 579 775 668 marique
789 574 920 669 'placido
939 604 959 645 a
973 579 1098 648 duobus
1117 582 1249 672 praedo·

249 712 328 755 num
343 688 593 779 myoparonibus
610 687 834 752 circumventa.
852 687 907 753 Μ(

237 809 347 856 Bellienus
359 818 446 868 praetor
457 825 470 854 s
481 809 626 867 prssdeniluts
636 815 710 866 esptns
721 816 743 852 et
753 812 843 857 mersus.

184 904 255 992 173.
281 904 417 967 Ostium.
435 907 502 964 Sos.
524 902 617 964 Char.
633 927 702 988 cop.
718 901 757 965 de
774 901 863 984 defle.

241 1020 359 1065 Praedones
370 1019 460 1064 cutorse
471 1019 498 1062 sd
508 1019 586 1064 ostiens
596 1021 680 1065 riberta
691 1019 812 1077 sdpellnnt.

183 1110 256 1200 apd.
281 1112 423 1174 immane
440 1125 600 1197 quantum¹
611 1112 709 1175 animi
725 1132 875 1179 exarsere.
892 1112 971 1176 Non.
988 1115 1093 1177 ddum.¹
1109 1116 1111 1121 ’
1146 1155 1149 1162 -

240 1227 317 1274 Animi
329 1236 423 1283 senates,
432 1227 518 1285 direpta
529 1243 542 1273 ι
552 1229 629 1274 Piretis
643 1229 712 1276 Ostia.
944 1295 946 1299 Ι

184 1320 257 1408 175.
283 1320 342 1383 Ille
365 1341 440 1385 vero
461 1332 557 1409 portu
583 1320 694 1400 solvit,
720 1333 888 1409 postquam
906 1318 1086 1387 Sidetarum
1107 1313 1279 1412 paronas'

248 1440 444 1491 exarmasset.
477 1425 612 1492 Rhodiis
649 1425 733 1490 enim
769 1427 923 1493 auxilium
956 1428 1052 1495 laturi
1082 1445 1248 1500 venerant.

249 1535 376 1597 SuidoS.

242 1650 344 1697 Servilius
355 1653 441 1709 consol,
452 1648 511 1700 hetto
522 1647 623 1702 Pissaion.

183 1749 257 1848 176.
284 1744 337 1808 Ad
353 1746 519 1836 Olimpum
535 1763 629 1835 atque
645 1747 823 1842 Phaselida.¹
838 1749 936 1844 Prisc.
949 1772 1038 1836 gram
1055 1749 1093 1812 de
1110 1748 1179 1815 odo.

246 1868 315 1912 Urbes
326 1867 457 1924 praedonum
468 1867 583 1929 [Servilio
593 1877 738 1924 expugnaras.

192 1985 262 2049 ¹77·
286 1961 406 2048 Lyciae
421 1959 622 2048 Pisidiaeque
642 1985 734 2050 agros
753 1962 994 2052 despectantem.
1019 1967 1149 2030 Servius
1172 1965 1207 2029 in
1228 1986 1247 2044 q

254 2067 384 2128 Aeneid.

248 2187 353 2243 Olympus
364 2188 443 2242 Lydes
454 2187 555 2244 oppidum
564 2189 588 2233 tn
600 2174 672 2234 monte
682 2191 788 2235 Phsenios
799 2191 899 2248 positum.

191 2283 263 2370 178.
289 2281 405 2346 Fessus
420 2281 453 2344 in
470 2282 682 2373 Pamphiliam
698 2309 731 2349 se
746 2300 915 2374 receperat
932 2285 1019 2350 Idem
1036 2287 1057 2350 l.
1075 2289 1104 2352 8.

162 2428 166 2435 ·
243 2404 314 2447 Nicon
324 2405 443 2447 Piratemm
454 2404 496 2450 dux
508 2419 521 2447 ι
531 2405 621 2450 Servilio
632 2406 758 2452 debellatus.
778 2400 781 2413 ¹

188 2521 259 2585 ¹79·
285 2497 350 2560 Iter
363 2498 459 2564 vortit
475 2497 515 2559 ad
538 2499 699 2586 Corycum
722 2498 834 2562 urbem
855 2498 1008 2564 inclutam
1031 2523 1128 2592 specu
1150 2514 1290 2590 atque.¹

253 2626 396 2683 nemore,
411 2605 444 2667 iu
461 2628 524 2692 quo
541 2627 671 2668 crocum
687 2606 835 2693 gignitur.
852 2611 931 2671 Non.
948 2611 1047 2671 Marc.

244 2725 346 2770 Servilius
357 2727 461 2769 Isauricus
473 2726 496 2769 in
507 2727 566 2770 bello
576 2727 716 2782 praedonum.

189 2824 260 2885 180.
285 2820 354 2884 Nisi
371 2843 434 2908 qua
456 2819 575 2884 flumen
592 2816 702 2884 Lurda
718 2821 824 2885 Tauro
847 2836 955 2889 monte
970 2822 1120 2888 defluens.
1146 2827 1243 2888 Prisc.
1264 2824 1272 2883 .’

252 2953 320 3013 cap.
338 2928 375 2990 de
392 2953 474 2991 nom.
532 3003 538 3017 ⁹

244 3050 312 3094 Issnri
322 3064 335 3092 ι
348 3050 438 3095 Servilio
448 3052 538 3106 obsessi,
548 3052 600 3097 sitne
608 3060 631 3097 et
642 3051 765 3110 descriptio.

184 3144 260 3205 181.
287 3145 431 3233 Saxaque
445 3146 585 3234 ingentia
601 3162 633 3212 et
648 3171 704 3212 axe
717 3147 842 3213 vinctae
857 3145 961 3211 trahes
976 3169 1033 3235 per
1045 3134 1183 3235 prorium
1198 3145 1246 3208 in-

253 3248 449 3330 citabantur,
472 3254 583 3316 axibus
611 3255 918 3340 quaeeminebant‚
944 3253 979 3318 in
1000 3254 1130 3324 modum
1155 3241 1247 3320 ericii

253 3355 414 3434 militaris,
429 3372 539 3420 veruta
554 3358 666 3420 binum
681 3358 807 3446 pedum.
824 3362 953 3426 Nonius,
981 3364 983 3369 ’

245 3479 348 3521 Defensio
356 3478 476 3520 Isaurorum
488 3493 500 3520 ι
509 3477 600 3523 Servilio
610 3480 750 3527 obesorum.

189 3575 261 3644 182.
288 3573 431 3638 Visuros.
450 3574 637 3653 Quintilian.

246 3696 327 3752 cepres
337 3698 360 3739 in
372 3697 454 3739 Isauris
465 3697 581 3752 praedones
592 3700 718 3742 furtnsntsr
725 3673 820 3756 ¹undique
831 3711 924 3745 ennom.

191 3791 262 3852 183.
288 3792 337 3853 lti
353 3791 488 3855 triennio
506 3791 621 3855 frustra
638 3795 719 3857 trito.
737 3798 819 3858 Serv.
836 3790 964 3858 Aeneid.

248 3913 362 3958 Triennete
372 3919 453 3960 bellum
464 3930 476 3960 e
488 3916 580 3959 Servilio
590 3919 669 3960 frustra
680 3929 770 3972 gestum.

193 4005 264 4084 184.
290 4009 383 4075 Parte
399 4027 604 4103 consumpta,
629 4012 669 4080 ad
691 3984 931 4078 diuturnitatem
952 4029 1032 4079 usus
1052 4004 1177 4109 reliqua
1197 4030 1248 4076 ea-
