2888 4748
619 323 778 391 vrrs
1206 354 1242 397 ,1
1322 416 1325 421 .

165 473 361 538 decertatum
377 471 498 553 fuerat,
514 469 672 553 lustratis,
693 497 791 562 quarn
815 474 1058 564 diligentissime
1080 476 1215 567 perfecit
1226 483 1247 542 ¹.

165 597 224 662 His
249 599 302 662 ille
325 597 493 688 praesidiis
508 598 627 662 mirum
640 598 674 661 in
690 598 822 663 modum
839 615 987 664 accurate
1010 600 1246 692 perspicueque
1262 589 1267 592 ’

163 721 270 811 potuit
297 722 423 812 singula
445 721 605 787 narrando
620 736 867 812 repraesentare.
885 723 1061 814 Postquam
1076 725 1245 794 biennium

164 845 337 910 Numidiae
361 845 517 936 praefuit,
540 868 625 911 anno
646 871 708 936 710
726 847 863 912 Romam
887 847 989 914 rediit
1015 849 1102 913 Dion
1127 849 1246 917 refert*

164 967 283 1060 ipsum,
303 969 467 1036 immensis
491 994 529 1035 ex
552 994 589 1036 ea
613 971 782 1062 provincia
805 971 926 1039 divitiis
950 972 1066 1054 allatis,
1089 971 1129 1037 de
1153 997 1244 1063 repe-

163 1093 273 1159 tundis
301 1093 401 1160 fuisse
429 1109 631 1177 accusatum,
655 1110 687 1160 et
711 1096 857 1184 quamvis
881 1095 1073 1185 deprecante
1105 1097 1243 1162 Caesare

163 1215 262 1282 fuerit
292 1218 483 1299 absolutus,
513 1221 583 1302 ejus
608 1219 732 1283 nomini
755 1233 861 1285 tamen
886 1218 1026 1285 haesisse
1050 1218 1242 1284 infamiam:

163 1364 202 1406 eo
227 1342 397 1424 nimirum,
421 1343 510 1432 quod
527 1343 753 1408 abstinentiam
767 1343 893 1434 seriptis
906 1341 1152 1432 praedicaverat
1169 1344 1243 1407 Hir·
1266 1388 1268 1393 ·

162 1465 227 1530 tius
256 1480 362 1531 autern
386 1466 425 1530 de
449 1466 510 1532 hac
534 1470 604 1552 ejus
630 1466 904 1533 administratione
927 1465 1113 1556 provinciae
1136 1465 1242 1533 fusius

162 1588 308 1671 locutus,
323 1614 364 1655 ne
378 1591 513 1657 verbum
537 1591 667 1681 quidem
690 1589 730 1655 de
752 1589 940 1675 hujusmodi
963 1590 1242 1656 criminationibus

163 1711 246 1778 lacit.
273 1713 423 1780 Attamen
447 1714 481 1778 in
506 1714 641 1779 dubium
665 1714 882 1781 revocandum
904 1736 969 1778 non
994 1713 1120 1781 videtur
1147 1714 1242 1780 illum

163 1859 310 1927 magnam
333 1860 371 1902 ex
389 1837 541 1904 Numidia
555 1839 712 1929 pecuniae
727 1837 794 1903 vim
810 1859 918 1902 secum
934 1837 1086 1902 attulisse.
1103 1837 1241 1903 Romam

162 1961 249 2026 enim
277 1984 425 2028 reversus
457 1985 569 2050 agrum
600 1962 633 2026 in
666 1960 828 2046 Quirinali
859 1944 1017 2024 mercatus
1042 1972 1106 2039 est,
1130 1960 1240 2049 ibique

162 2082 365 2172 magnificam
389 2084 499 2149 aedem
527 2085 733 2175 egregiosque
762 2083 872 2149 hortos
902 2082 1070 2164 condidit,
1101 2106 1139 2147 ex
1168 2086 1239 2167 ejus

160 2207 291 2274 nomine
317 2206 528 2272 Sallustianos
552 2223 773 2297 nuncupatos,
797 2207 958 2288 omnium,
974 2206 1031 2296 qui
1047 2204 1168 2270 Romae
1192 2228 1239 2268 es-

161 2345 255 2413 sent,
278 2329 531 2421 pulcherrimos,
548 2332 717 2419 exquibus
742 2330 990 2396 celebratissima
1013 2351 1162 2418 quaeque
1184 2350 1238 2391 an·

155 2455 319 2543 'tiquitatis
343 2469 568 2533 monumenta,
592 2467 733 2533 statuae,
756 2453 909 2532 obelisci,
932 2475 1008 2517 vasa
1031 2449 1147 2515 effossa
1169 2448 1237 2514 fue·

162 2591 238 2645 runt
256 2571 273 2639 ³.
303 2575 474 2661 Ejusmodi
498 2598 573 2646 sane
598 2589 721 2640 sumtus
745 2556 915 2638 hominurn
936 2573 1080 2640 convicia
1103 2573 1138 2637 in
1161 2595 1236 2637 eum

161 2699 323 2767 concitare
360 2699 548 2764 debuerunt.
580 2699 653 2762 Non
684 2697 814 2787 quidem
838 2697 915 2786 quia
938 2696 1025 2786 apud
1047 2697 1236 2786 plerosque,

160 2825 219 2914 qui
242 2824 276 2888 in
300 2822 475 2914 provinciis
493 2821 628 2886 fuissent
645 2820 889 2911 cum‘imperi0,
903 2820 1057 2885 usitatum
1072 2842 1137 2884 non
1153 2835 1236 2885 esset

60 2974 68 2983 ’
160 2962 198 3014 ut
221 2948 351 3013 ditiores
376 2947 506 3011 domum
530 2945 686 3022 retlirent3
711 2943 767 3008 scd
799 2943 874 3032 quia
902 2943 936 3006 in
965 2942 1061 3031 culpa
1084 2965 1158 3006 eum
1181 2943 1234 3006 de-

160 3071 368 3162 prehendisse
397 3071 552 3154 juvabat,
576 3069 632 3158 qui
664 3066 742 3131 alios
773 3065 917 3131 censorio
945 3064 1040 3130 <lente
1063 3078 1231 3154 carpserat

160 3195 274 3259 Paullo
298 3209 388 3283 post,
413 3193 549 3258 Caesare
572 3191 753 3271 interfecto,
777 3213 810 3254 se
833 3203 968 3277 patrono
992 3186 1138 3252 orbatum
1163 3211 1232 3253 sen,

160 3318 268 3396 tiens,
302 3339 433 3406 remque
469 3317 633 3406 publicam
669 3313 760 3377 novis
796 3291 935 3375 motibus
973 3309 1161 3398 exagitatam
1188 3311 1230 3375 iri

159 3440 385 3531 prospiciens,
414 3440 575 3526 reliquum
597 3438 681 3504 vitae
704 3449 830 3524 tempus
854 3456 912 3522 per
935 3431 1037 3496 otium
1061 3432 1122 3496 sibi
1145 3447 1230 3497 tran·

97 3558 99 3565 ¹
158 3563 325 3654 algendum
341 3559 471 3626 censuit.
488 3559 691 3650 Quapropter
705 3559 739 3622 in
749 3554 951 3621 Tiburtinam
965 3554 1085 3634 villam,
1098 3578 1195 3643 quam
1211 3579 1230 3626 a

99 3738 102 3742 a
160 3688 295 3751 Caesare
319 3680 555 3747 exaedificatam
577 3681 825 3771 pulcherrimam
843 3691 978 3758 emerat,
993 3677 1128 3742 secessit
1145 3679 1227 3743 Octo

54 3826 69 3837 ·
158 3808 274 3898 quibus
298 3806 403 3872 adhuc
427 3820 585 3896 superstes
601 3804 680 3886 fuit,
696 3803 786 3868 annis
811 3823 991 3891 supremam
1014 3821 1146 3864 manum
1168 3801 1226 3873 im,

179 4019 189 4052 r
213 3997 360 4144 {sephu
381 3999 413 4057 in
432 4018 481 4056 ora
504 3998 595 4061 morit.
731 3991 949 4059 3Richardson
969 3989 1024 4057 vol.
1048 4007 1073 4057 a.

177 4093 193 4130 a
240 4121 245 4132 ·
285 4101 312 4146 s·
359 4134 363 4140 ,
