2888 4748
308 278 371 384 ro
396 312 668 382 roruntnns
696 305 1066 378 coutuntrroms
1163 337 1226 404 19,

202 470 280 536 Vll.
299 471 405 553 Quare
414 466 513 556 igitur
521 481 610 532 tanto
620 467 749 556 agmine
761 480 855 554 atque
866 465 979 529 animis
995 464 1130 528 incedit?
1141 464 1225 548 Quia

159 576 317 642 secundae
332 600 382 640 res
398 576 477 640 mire
494 590 569 639 sunt
582 574 669 642 vitiis
685 571 849 638 obtentui:
869 573 987 661 quibus
1007 571 1225 650 labefactatis,

158 707 255 772 quam
270 681 458 747 formidatus
475 697 568 748 antea
582 696 640 761 est,
656 696 721 746 tam
738 679 1042 747 contemnetur:nisi
1057 679 1138 742 forte
1155 702 1224 768 spc-

157 791 206 855 cie
221 790 410 856 concordiae
425 803 456 856 et
470 790 571 879 pacis,
585 813 667 878 quac
684 789 796 854 sceleri
812 803 843 852 et
857 787 1031 878 parricidio
1048 811 1106 850 suo
1123 788 1224 854 nomi-

158 921 200 961 na
215 897 340 962 indidit.
356 897 467 985 Neque
484 897 576 961 aliter
589 897 710 989 populo
720 897 867 963 Romano
883 919 951 960 esse
965 895 1042 958 betti
1057 893 1154 958 finem
1169 894 1226 974 ait,

159 1004 222 1068 nisi
237 1017 364 1069 maneat
380 1003 510 1093 expulsa
526 1004 609 1094 agris
619 1004 739 1094 plebes,
747 1003 864 1094 praeda
881 1002 984 1067 civilis
1001 1002 1224 1088 acerbissu‘ma,

158 1115 210 1195 jus
233 1111 453 1198 judiciumque
470 1113 614 1176 omnium
629 1135 735 1177 rerum
750 1134 848 1201 penes
865 1135 910 1190 se,
925 1110 1012 1198 quod
1027 1110 1140 1199 populi
1158 1109 1223 1174 Ro-

158 1218 247 1283 mani
261 1216 331 1281 suit.
349 1219 457 1300 Quae,
480 1218 507 1281 si
528 1219 619 1285 vobis
641 1244 703 1308 pax
731 1233 763 1283 et
785 1217 954 1282 concordia
978 1217 1225 1305 intelleguntur,

158 1346 308 1388 maxuma
323 1325 524 1390 turbamenta
539 1326 749 1416 Reipublicae
773 1340 868 1414 atque
892 1324 987 1388 exitia
1002 1324 1153 1414 probate:
1172 1322 1223 1387 ad·

154 1431 250 1495 nuite
264 1431 388 1520 legibus
403 1433 574 1522 inpositis,
590 1435 724 1524 accipite
741 1434 842 1498 otium
864 1455 939 1497 cum
954 1430 1102 1510 serviti03
1118 1446 1149 1496 et
1163 1445 1225 1495 tra-

158 1539 224 1603 dite
240 1539 419 1629 eremplum
434 1541 570 1629 posteris
587 1541 627 1604 ad
640 1541 799 1632 populum
824 1540 1005 1606 Romanum
1025 1539 1140 1605 suimet
1156 1562 1230 1602 san,

160 1646 266 1734 guinis
290 1646 435 1712 mercede
460 1648 790 1717 circumveniundum.
827 1649 927 1729 Mihi,
951 1669 1146 1737 quamquam
1167 1669 1226 1736 per

160 1753 222 1818 hoc
238 1776 399 1818 summum
421 1755 594 1844 imperium
616 1757 692 1820 satis
713 1755 893 1845 quaesitum
909 1769 976 1819 erat
991 1754 1114 1849 nomini
1128 1758 1226 1838 majo-

161 1883 252 1940 rum,
269 1860 418 1948 dignitati
439 1875 534 1949 atque
562 1863 657 1925 etiam
672 1862 852 1952 praesidi03
874 1876 980 1926 tamen
996 1885 1060 1926 non
1076 1861 1137 1927 fuit
1153 1884 1225 1926 con·

161 1967 291 2044 silium,
306 1967 445 2054 privatas
467 1991 543 2055 opes
566 1967 687 2045 facerem
710 1969 880 2057 potiorque
903 1968 970 2034 visa
986 1983 1033 2033 est
1047 1968 1227 2057 periculosa

161 2070 291 2134 libertas
308 2071 417 2158 quieto
432 2073 570 2138 servitio.
580 2076 670 2157 Quae
680 2076 706 2139 si
715 2076 869 2165 probatis,
885 2075 1002 2156 adeste,
1015 2074 1168 2158 Quirites;
1184 2089 1227 2153 et,

159 2177 241 2242 bene
256 2177 442 2259 juvantibus
457 2179 536 2261 diis,
553 2181 597 2244 M.
616 2182 791 2247 Aemilium
816 2182 981 2247 consulem
996 2181 1111 2246 ducem
1126 2193 1156 2244 et
1171 2202 1227 2242 au-

162 2299 281 2348 ctorem
296 2284 469 2372 sequimini
483 2291 492 2314 ¹
509 2287 551 2354 ad
564 2290 784 2382 recipiundam
798 2290 983 2353 libertatem.

183 2482 193 2518 1
217 2459 675 2529 Formulaevocationisinretre-
712 2469 766 2528 suli
776 2469 834 2527 fere
845 2467 972 2546 propria.

160 2537 229 2617 pida
244 2541 673 2618 repentinoquetumultu,con·
745 2601 747 2603 ,
