2888 4748
337 256 649 342 nourannrou
673 270 966 339 atsromeun
1123 273 1195 363 ηε

117 427 268 521 petitioni
285 451 360 495 suae
376 421 647 500 dictatorisfa'vor
662 424 805 491 adesset:
822 438 854 490 at
866 447 910 490 ne
924 421 973 488 illi
990 420 1121 512 quidem
1135 445 1196 513 per

117 539 207 604 huno
221 537 315 603 licuit
330 537 499 626 petitorem
515 535 549 598 in
566 550 718 624 campum
733 532 935 611 descendere.
948 533 1033 597 Tum
1049 530 1193 596 adPom-

115 649 227 736 pejum
241 642 402 731 confugit,
426 644 482 733 qui
497 656 572 734 post
598 641 723 707 Sullam
735 639 838 732 gratia
853 653 886 705 et
902 639 1090 706 auctoritate
1105 637 1194 730 apud

111 753 272 843 populum
287 750 429 816 florebat.
448 749 677 816 Gratissimum
685 750 843 840 Pompeio
860 747 978 814 accidit
992 771 1026 812 se
1042 746 1123 812 tanti
1138 744 1194 812 fie-

111 860 157 941 ri,
181 875 229 941 ut,
253 859 355 926 invito
373 859 476 940 Sulla,
499 872 646 948 negatam
662 856 790 948 Lepido
805 855 994 944 dignitatem
1009 867 1119 943 posset
1131 852 1194 917 im-

110 981 244 1058 petrare.
263 969 439 1055 Quumque
463 965 560 1032 simul
575 979 709 1058 cuperet
724 963 879 1055 experiri,
890 973 1016 1052 quanta
1031 975 1114 1026 esset
1130 959 1192 1025 sibi

109 1073 197 1165 apud
210 1061 380 1164 ⁴populum
404 1074 598 1156 auotoritas,
626 1088 718 1139 tanto
742 1075 813 1156 ejus
836 1082 967 1136 eausam
992 1067 1099 1135 studio
1122 1089 1189 1132 am-

108 1182 222 1272 plexus
246 1196 311 1263 est,
335 1180 479 1270 adeoque
503 1181 651 1270 profecit,
674 1196 712 1246 nt
727 1180 783 1244 ille
802 1198 881 1269 prae
898 1177 1028 1258 Catulo,
1042 1175 1113 1245 viro
1128 1175 1192 1242 vir·

109 1290 233 1354 tutibus
257 1288 455 1370 clarissimo,
478 1289 533 1354 oui
558 1288 696 1354 dictator
712 1287 893 1378 impensius
908 1285 1054 1367 favebat,
1077 1281 1193 1350 consul

108 1394 213 1460 factus
229 1394 334 1461 fuerit.
352 1396 392 1461 Id
405 1396 538 1485 indigne
554 1396 629 1462 tulit
639 1396 743 1475 Sulla3
759 1395 816 1462 sed
831 1415 905 1459 eum
917 1392 1035 1482 puduit
1052 1392 1192 1474 obstare,

109 1502 305 1591 quievitque.
323 1502 475 1568 Attamen
491 1526 567 1569 cum
581 1505 616 1568 in
633 1504 827 1593 Pompeium
841 1500 1023 1583 incidisset,
1039 1523 1077 1566 ea
1091 1498 1193 1567 ricto-

110 1609 158 1674 ria
173 1609 293 1675 laetum
307 1634 366 1701 per
380 1611 523 1677 medium
539 1611 646 1678 forum
660 1611 874 1692 incedentem,
890 1630 1005 1701 magna
1020 1606 1192 1673 bominum

110 1730 237 1784 caterva
260 1719 431 1808 stipatum,
455 1719 572 1785 aeriter
591 1719 797 1809 objurgavit,
817 1717 914 1808 quod.
929 1716 1052 1809 populo
1077 1729 1193 1808 auctor

61 1895 62 1898 Ἴ
110 1822 240 1905 fuisset,
263 1840 300 1891 ut
324 1826 446 1916 optimo
463 1826 542 1907 civi,
559 1825 780 1898 Romanorum
795 1825 974 1916 pessimum
997 1817 1190 1890 anteferrett

111 1932 301 2020 monuitque
321 1947 359 1997 ut
374 1932 435 1996 sibi
451 1947 482 1997 et
502 1931 713 2021 Reipublicae
732 1931 902 2020 diligenter
922 1945 1067 2009 caverem
1090 1953 1191 2021 quan·

110 2037 285 2127 sicquidem
307 2053 471 2128 potentem
487 2038 705 2105 adversarium
721 2051 905 2104 armaverat.
927 2039 998 2104 Hoc
1016 2037 1127 2105 Sullae
1143 2038 1192 2104 di·

111 2160 200 2210 ctum
224 2146 287 2210 cito
312 2144 533 2236 comprobavit
556 2160 698 2214 eventus.
728 2145 858 2211 Etenim
885 2145 938 2213 vix
967 2146 1192 2235 magistratum

110 2251 255 2342 Lepidus
272 2252 375 2335 inivit,
389 2253 479 2320 illius
499 2253 677 2344 potentiam
695 2252 900 2320 imminutam
915 2252 1104 2336 arbitratus,
1116 2275 1192 2319 eum

109 2358 282 2426 deturbare
305 2384 323 2425 e
346 2361 420 2426 sede
447 2361 630 2442 contendit,
654 2383 802 2450 seseque
825 2363 860 2426 in
877 2363 947 2445 ejus
970 2361 1080 2428 locum
1102 2360 1192 2428 suffi·

109 2490 191 2546 cere.
210 2468 280 2532 Hoc
295 2466 436 2549 facinus,
452 2467 540 2556 quod
555 2490 596 2533 ne
618 2467 687 2558 ipse
709 2467 840 2558 quidem
862 2468 971 2552 Sulla,
995 2469 1059 2536 nisi
1081 2471 1194 2536 oblata

111 2573 174 2638 sibi
198 2574 455 2664 opportunitate,
474 2575 610 2641 fortasse
634 2590 740 2642 mente
764 2591 972 2668 conceperat,
995 2576 1120 2643 bomini
1135 2598 1192 2645 ne·

111 2705 175 2770 que
205 2681 452 2764 existimatione,
476 2706 582 2772 neque
611 2684 708 2755 armis
737 2684 873 2775 pollenti
903 2685 972 2755 leve
1002 2685 1109 2754 visum
1132 2698 1190 2753 est.

66 2843 68 2847 .
93 2791 223 2874 ‘Quare
246 2790 412 2856 Marianae
442 2790 603 2871 factionis,
621 2792 940 2883 proscriptorumque
961 2793 1115 2885 reliquias
1138 2817 1192 2862 co·
1236 2838 1239 2843 -
1353 2856 1372 2884 Ι,

110 2920 203 2987 gere,
226 2898 438 2988 trepidantem
467 2897 665 2989 fractamque
694 2900 821 2990 plebem
849 2898 990 2989 erigere,
1015 2901 1189 2969 concitare.

111 3006 198 3070 Hinc
222 3007 293 3071 aliis
316 3007 575 3096 propinquorum
591 3007 808 3077 amicorumve
824 3030 941 3087 necess
953 3008 1025 3074 aliis
1040 3009 1190 3099 rapinas,

109 3112 151 3176 ab
175 3115 259 3202 agris
283 3115 505 3204 expulsiones,
517 3131 749 3207 ⁴paupertatem
765 3131 1010 3183 commemorat:
1028 3116 1190 3184 universis

110 3221 226 3310 populi
242 3222 427 3288 servitutem
443 3224 531 3289 omni
545 3227 617 3308 jure
634 3224 774 3313 spoliati,
784 3227 854 3308 ejus
870 3223 1042 3312 dignitates
1058 3238 1090 3289 et
1105 3224 1192 3289 bona

112 3326 298 3392 hominibus
321 3327 488 3418 flagitiosis
512 3345 545 3395 et
567 3331 668 3396 servis
691 3330 855 3420 dilargita:
873 3355 1012 3411 comune
1027 3331 1139 3398 odium
1154 3332 1189 3396 in

111 3449 295 3526 tyrannum.
314 3435 386 3515 Neo
409 3438 535 3502 dubitat
549 3439 746 3527 praeclaram
762 3439 801 3504 de
826 3463 860 3505 se
875 3439 1063 3530 opinionem
1075 3439 1119 3504 in
1137 3459 1190 3504 oo·

112 3543 224 3624 mitiis,
240 3544 359 3632 quibus
376 3545 611 3627 eonsul,invito
626 3546 792 3628 dictatore,
808 3548 914 3613 fuerat
929 3563 1067 3629 creatus,
1080 3567 1189 3612 suam·

113 3675 176 3740 que
201 3676 276 3719 cum
292 3655 448 3743 Pompejo
464 3653 712 3721 familiaritatem
727 3656 931 3746 praedicare3
951 3656 1104 3744 additque
1120 3677 1190 3720 esse

112 3760 231 3828 multos
256 3761 317 3827 sibi
340 3785 378 3826 ex
401 3763 481 3852 ipsis
507 3763 616 3829 Sullae
640 3765 797 3830 militibus
811 3764 983 3844 lautores,
1005 3763 1129 3831 validos
1153 3763 1190 3827 in

115 3867 247 3932 Etruria
271 3886 460 3950 sectatorem
486 3871 626 3939 Galliam
647 3869 846 3963 Cisalpinam
870 3873 1054 3940 universam
1076 3884 1191 3962 parata
1258 3883 1262 3890 '

115 3972 233 4047 habere
257 4001 420 4051 armorum
447 3981 576 4055 auxilia
606 3982 667 4055 His
696 3981 798 4056 sume
827 3981 925 4054 rebus
954 4003 1032 4055 eum
1053 3978 1191 4075 singolis
