2888 4748
224 324 270 430 ‘sc
416 386 420 393 .
519 296 554 396 c.
581 330 998 399 on1s1>1soiuusu11

216 494 316 552 ''suntt
331 506 413 569 quae
430 480 510 546 betti
524 483 658 547 saevitia
673 499 776 561 esset,
796 507 880 569 quoe
896 485 984 547 victis
1000 481 1206 563 acciderent,
1222 510 1302 551 enu-

222 615 380 659 meravero
390 619 400 670 ,-
416 591 489 676 rapi
504 591 637 676 virgines
650 638 660 668 ,
675 615 814 679 pueros,·
834 590 944 655 divelli
960 590 1076 670 liberos
1093 616 1113 654 a
1127 610 1303 677 parentum

221 700 414 786 complexu3
429 697 759 780 matresfamiliarum
781 701 873 784 pati,
895 722 978 783 quae
1003 697 1173 763 victoribus
1199 702 1304 765 conli-

223 806 481 891 luissent3sana
504 820 600 891 atque
623 804 730 869 domos
752 805 930 890 exspoliari
940 833 950 882 3
973 804 1125 884 caedem,
1150 808 1311 875 incendio

212 917 315 1000 fieri3
338 929 502 1001 'postremo
534 913 658 990 armis,
689 911 894 978 cadaveribus
914 932 933 992 ,·
948 936 1059 978 cruore
1087 929 1185 1000 atque
1211 915 1302 980 luctu

223 1025 332 1090 omnia
347 1021 511 1107 compleri.
529 1020 615 1097 Sed,
638 1044 698 1106 per
712 1025 795 1085 Deos
811 1020 1021 1098 immortalia,
1044 1044 1108 1107 quo
1123 1021 1184 1087 illa
1199 1025 1303 1087 oratio

220 1131 403 1221 pertinuit?
419 1132 482 1207 An,
497 1129 545 1192 uti
560 1151 610 1191 eos
627 1128 757 1212 infestos
772 1129 989 1213 conjurationi
993 1127 1151 1212 faceret?
1165 1130 1303 1219 scilicet,

222 1264 318 1328 quem
333 1263 383 1304 res
407 1252 498 1302 tanta
521 1252 618 1322 atque
641 1250 707 1303 tom
723 1252 819 1301 atrox
834 1237 1087 1322 nonrpermovim
1109 1260 1184 1301 eum
1200 1240 1301 1301 oratio

223 1347 384 1415 accendet.
403 1349 473 1410 Non
496 1345 543 1408 ita
566 1357 638 1406 est:
660 1366 764 1428 neque
788 1345 939 1429 cuiquam
960 1343 1144 1409 mortalium
1159 1345 1303 1429 injuriae

222 1479 301 1521 suae
314 1476 432 1540 parrae
448 1450 614 1516 ridentur:
629 1449 724 1514 multi
738 1475 792 1514 eas
804 1453 930 1535 gravius
946 1475 1048 1536 aequo
1064 1450 1214 1517 habuere.
1232 1452 1298 1516 Sed

223 1564 292 1627 alia
315 1561 389 1624 aliis
415 1560 547 1624 licentia
569 1572 637 1635 est,
662 1561 697 1621 P.
718 1563 752 1625 U.
771 1561 832 1639 Qui
847 1557 976 1623 demissi
998 1560 1031 1622 in
1056 1557 1188 1623 olsouro
1205 1561 1301 1624 eitam

223 1685 344 1757 agunt,
358 1670 386 1732 si
402 1667 481 1754 quid
495 1664 666 1730 iracundia
680 1664 843 1751 deliquere
856 1715 866 1745 ,
879 1668 978 1751 pauci
992 1667 1098 1731 sciunt
1109 1696 1119 1744 ,-
1131 1667 1230 1751 sorno
1253 1684 1300 1733 at·

226 1802 288 1865 que
293 1778 435 1862 fortuna
450 1798 558 1839 eorum
572 1797 667 1857 pares
682 1788 778 1841 sunt:
793 1774 850 1858 qui
865 1797 977 1859 magno
992 1775 1125 1859 imperio
1139 1774 1301 1864 praediti,

226 1887 261 1955 in
277 1882 406 1949 excelso
427 1898 564 1949 oetatem
588 1897 708 1968 agunt,
731 1883 941 1965 eorumsocta
957 1883 1065 1945 cuncti
1079 1882 1228 1946 mortales
1244 1907 1299 1945 no-

229 2016 308 2057 rere.
333 1996 385 2055 Ita
408 1992 441 2054 in
466 2013 620 2054 macoma
633 1989 773 2074 fortuna
796 1991 938 2052 minuma
961 1988 1094 2052 licentia
1108 2004 1164 2055 est.
1188 1993 1298 2075 Neque

226 2098 353 2168 studere
371 2101 379 2125 ¹
396 2122 498 2183 neque
524 2097 639 2175 odisse,
653 2097 710 2161 sed
725 2099 864 2161 minume
880 2097 976 2161 irasci
987 2095 1086 2175 decet.
1102 2100 1189 2181 Quae
1213 2096 1301 2184 apud

226 2208 308 2272 elios
324 2204 493 2270 iracundia
509 2203 647 2282 dicitur,
670 2227 708 2266 ea
733 2206 767 2266 in
790 2205 922 2296 imperio
945 2203 1095 2288 superbia
1117 2220 1213 2290 atque
1229 2227 1300 2268 cru-

227 2315 344 2379 delitas
359 2311 552 2398 adpellatur.
567 2310 725 2395 Equidem
740 2335 795 2397 ego
811 2313 856 2374 sic
872 2312 1053 2393 existumo,
1068 2314 1104 2377 P.
1123 2316 1180 2391 0.,
1196 2314 1299 2375 omnis

227 2423 388 2487 cruciatus
404 2422 540 2487 minores
554 2469 565 2496 ,
577 2413 842 2505 ¹quamsacinoro
857 2419 1009 2498 illorum,
1026 2441 1095 2483 esso
1108 2444 1117 2482 r
1131 2419 1188 2483 sed
1200 2419 1310 2511 pleri-¹

228 2552 289 2614 que
305 2528 455 2592 mortales
468 2577 477 2604 ,
490 2542 650 2613 postrema
666 2528 836 2590 meminere
853 2531 880 2606 ¹,
895 2543 927 2590 et
942 2529 975 2589 in
991 2525 1172 2595 bominibus
1188 2527 1299 2611 inpiis,

227 2635 357 2703 sceleris
374 2658 482 2697 eorum
500 2633 613 2711 obliti,
627 2632 666 2696 de
680 2658 785 2720 poena
801 2634 977 2712 disserunt,
991 2637 1020 2698 si
1035 2658 1074 2702 eo
1087 2634 1200 2722 paullo
1216 2646 1301 2697 se've·

202 2725 206 2734 ¹
226 2742 293 2804 rior
297 2741 413 2822 suerit.
430 2746 468 2807 D.
486 2741 648 2816 Silanum,
672 2743 771 2802 virum
776 2743 898 2825 sortem
913 2757 1009 2826 atque
1025 2757 1209 2819 strenuum,
1231 2764 1298 2804 cer-

225 2863 257 2915 to
281 2848 371 2922 scio,
391 2870 473 2939 quae
497 2846 639 2924 dicerit,
662 2847 766 2911 studio
792 2848 998 2935 Reipublicae
1028 2848 1148 2912 dixisse
1160 2897 1170 2927 ,
1193 2871 1298 2934 neque

227 2955 320 3022 illum
337 2955 369 3017 in
388 2968 478 3019 tanta
493 2978 526 3016 re
539 2953 676 3038 gratiam
692 2970 750 3017 out
764 2957 948 3020 inimicitias
972 2980 1120 3027 exercere
1134 2982 1143 3022 .·
1157 2979 1209 3018 eos
1233 2978 1298 3019 mo·

226 3085 275 3129 res
299 3085 433 3146 comque
456 3060 641 3134 modestiam
665 3063 723 3124 viri
745 3065 880 3148 cognovi.
910 3066 1023 3126 Verum
1045 3064 1204 3128 sententia
1226 3066 1298 3147 ejus

228 3164 307 3236 milti
322 3193 385 3231 nou
402 3167 554 3247 crudelis,
569 3175 582 3248 (
591 3168 670 3253 quid
684 3171 768 3232 enim
786 3171 818 3233 in
836 3171 909 3253 talis
925 3170 1066 3250 homines
1081 3170 1209 3251 crudele
1216 3170 1297 3254 fieri

227 3289 330 3367 potest
337 3278 366 3350 Ρ)
375 3275 431 3342 sed
446 3276 555 3338 alieno
570 3301 590 3337 o
606 3275 780 3367 Republica
796 3294 904 3341 nostro
920 3279 1049 3342 ridetur.
1059 3284 1140 3345 Nom
1154 3278 1297 3363 prosecta

226 3397 285 3451 out
300 3397 414 3460 metus,
429 3398 486 3445 aut
501 3384 621 3466 injurio
637 3399 666 3446 te
682 3383 817 3469 subegit,
835 3385 961 3464 Silone,
976 3385 1138 3449 consulem
1154 3385 1297 3470 designo-

228 3507 294 3558 tum
307 3539 315 3565 ,
327 3514 427 3574 genus
441 3515 563 3575 poenae
581 3512 691 3554 norum
708 3491 885 3559 decernere.
902 3498 948 3556 Dc
966 3495 1075 3556 timore
1088 3541 1097 3570 ,
1112 3516 1298 3576 supervaca-

196 3654 202 3669 ,
227 3619 323 3660 netem
340 3613 387 3659 est
402 3597 567 3674 disserere,
577 3621 647 3659 eum
659 3602 845 3683 praesertim
862 3600 1028 3686 diligentia
1044 3599 1224 3665 clarissumi
1239 3598 1298 3660 viri

226 3703 365 3768 'consulis
378 3754 388 3782 ,
403 3720 494 3772 tanto
507 3703 669 3794 praesidia
684 3707 750 3770 sint
765 3707 798 3769 in
815 3709 919 3771 armis.
937 3712 983 3772 De
997 3732 1116 3792 poeno,
1129 3728 1296 3791 possumus

250 3974 261 4010 t
282 3954 359 4011 Idest
379 3957 480 4013 lovere.
800 3979 815 4015 2
836 3961 978 4016 Poenam:
999 3972 1031 4015 ut
1045 3962 1067 4016 si
1077 3961 1189 4020 saevior
1200 3956 1294 4029 suerit,

720 4080 724 4087 .
777 4035 886 4110 judices
898 4049 1039 4094 accusent.
