2888 4748
405 372 593 443 orntum
616 339 957 442 Joounrmucn
1151 377 1216 466 io,

150 544 224 627 Quo
246 551 333 607 metu
361 539 455 607 Italia
487 538 591 606 omnis
620 552 865 605 contremuerat.
899 538 1018 628 Illique
1034 555 1062 620 ¹,
1086 552 1117 605 et
1139 537 1217 606 inde¹

148 661 250 740 us'quc
278 648 319 714 ad
341 662 483 714 nostram
511 645 696 712 memoriam
720 646 858 710 Romani
888 644 935 712 sio
963 644 1124 725 habuere;
1152 647 1215 711 alia

144 758 251 823 onmia
274 756 386 822 virtuti
410 778 486 820 suae
501 775 604 845 prona
618 776 710 832 esse;
728 775 804 819 cum
820 752 923 818 Gallis
939 776 997 842 pro
1014 754 1133 835 salute,
1148 776 1215 818 non

145 886 204 954 pro
227 863 328 953 gloria
352 876 480 928 certare.
507 860 572 926 Sed
585 875 756 951 postquam
771 860 893 925 bellum
907 859 942 926 in
964 859 1117 925 Numidia
1138 876 1216 926 con·

144 970 283 1049 fectum,
307 984 339 1034 ct
360 969 382 1033 J
385 967 557 1057 ugurtham
579 968 725 1035 vinctum
739 967 858 1033 adduci
873 969 1010 1033 Romam
1025 967 1215 1032 nunciatum

145 1091 211 1157 cst,
235 1076 359 1140 Marius
383 1076 496 1140 consul
521 1075 634 1141 absens
658 1075 764 1141 factus
789 1089 857 1155 est,
884 1088 916 1139 et
938 1074 969 1138 ei
993 1073 1120 1139 decreta
1142 1098 1216 1164 pro-

144 1183 252 1248 vincia
268 1181 394 1260 Gallia;
414 1181 506 1271 isque
520 1181 662 1246 kalendis
680 1183 702 1246 J
704 1181 845 1246 anuariis
860 1193 870 1218 ¹
894 1203 1008 1270 magna
1024 1180 1126 1270 gloria
1140 1205 1215 1245 con-

145 1289 197 1354 sul
220 1287 428 1378 triumpharit
442 1297 461 1350 ³.
487 1288 535 1352 Ex
559 1310 596 1352 ca
618 1301 807 1378 tempestate
830 1311 903 1378 spes
938 1302 1036 1377 atque
1067 1311 1145 1378 opes
1172 1287 1216 1354 oi·

146 1396 253 1462 vitatis
276 1394 310 1458 in
333 1395 391 1458 illo
417 1395 505 1460 sitae.

145 1618 175 1664 et
194 1605 231 1665 M.
244 1606 368 1664 Manlius
386 1605 544 1684 proconsul
562 1603 658 1663 aGal-
697 1617 760 1665 tum
769 1605 869 1668 inibat.
880 1605 939 1664 Sed
948 1618 978 1664 et
988 1607 1116 1674 tertium,
1126 1623 1214 1684 quar*
1293 1632 1304 1649 s

146 1682 181 1740 lis
201 1697 229 1740 ct
240 1683 365 1741 Cimbris
384 1684 452 1741 victi
471 1683 591 1760 praelio,
611 1702 659 1737 ca·
697 1697 778 1752 tum,
826 1685 939 1740 uintum
964 1684 1158 1751 continuavit,
1180 1694 1215 1740 nt

148 1759 271 1835 strisque
290 1759 365 1815 binis
384 1759 463 1820 exuti
483 1772 567 1826 sunt,
587 1758 661 1814 mili·
699 1758 814 1836 Rempu
836 1759 921 1816 licam
949 1771 1049 1814 contra
1074 1758 1217 1815 infinitam

148 1847 212 1891 tum
241 1834 330 1891 millia
359 1835 521 1909 octingenta
548 1833 661 1901 occisa,
700 1833 893 1890 barbarorum
920 1832 1159 1902 multitudinem,
1185 1834 1218 1890 in

150 1910 295 1983 Calenum
322 1911 512 1966 et.Lixarum
539 1907 664 1983 quadra·
702 1907 816 1965 Italiam
843 1909 1003 1995 irrumpere
1033 1910 1219 1977 conantium,

150 1987 229 2062 ginta
249 1985 345 2042 millia.
359 1985 438 2041 Bona
450 1985 486 2054 Q.
501 1981 665 2058 Caepionis,
703 1983 875 2044 defenderet.
889 1984 1003 2055 Quibus
1024 1985 1157 2040 omnihus
1176 1983 1221 2043 vi-

150 2063 234 2134 cujus
245 2061 401 2138 temeritate
418 2071 526 2115 tantam
542 2059 666 2115 Romani
704 2061 767 2130 ctis,
786 2060 892 2117 iterum
911 2060 1114 2137 triumphavit,
1133 2078 1219 2116 voca·

151 2134 263 2194 cladem
305 2136 358 2191 assi
377 2135 500 2203 fuerant,
517 2135 665 2212 publicata
703 2149 808 2211 tusquc
829 2150 871 2194 cst
882 2135 992 2213 aplebe
1003 2139 1120 2193 Tertius
1131 2135 1220 2205 Urbis

151 2224 237 2280 sunt,
262 2155 362 2287 illique
388 2211 551 2286 imperium⁴
569 2211 666 2269 adem·
706 2213 862 2273 Conditor.

146 2300 254 2366 'ptum-
521 2336 525 2344 .
724 2287 937 2363 stagni-tham
973 2286 1119 2364 captivum
1154 2305 1226 2343 cum»

174 2384 187 2431 ι4
208 2362 301 2421 Idest:
324 2366 364 2418 Et
384 2365 511 2420 Romani
536 2367 589 2440 qro'
608 2373 668 2418 tum
707 2362 823 2419 duobus
835 2363 900 2419 filiis
920 2375 986 2419 ante
1005 2382 1123 2419 currum
1144 2375 1219 2420 cate·

144 2443 273 2516 suerunt
300 2449 331 2501 et
354 2460 452 2515 usque,
466 2439 508 2494 ad
532 2449 669 2496 nostram
707 2438 752 2494 nis
771 2439 901 2495 vinctum
919 2438 1057 2495 Romanis
1082 2439 1222 2496 exhibuit.

150 2518 323 2572 memoriam
336 2535 436 2570 omnes
449 2518 669 2580 existimarunt,
708 2513 842 2570 Tradunt
850 2526 946 2573 autem
955 2515 973 2570 J
976 2504 1139 2592 ugurthain,
1152 2514 1222 2570 dum

152 2595 254 2646 omnia
266 2593 466 2646 Romanorum
484 2594 586 2644 virtuti
593 2610 667 2666 pro·
705 2591 736 2646 in
743 2589 1222 2666 triumphumduceretur,demen·

153 2687 207 2730 ηας
218 2666 272 2723 sed
291 2686 356 2721 cum
368 2669 475 2722 ceteris
484 2685 543 2740 pro
554 2667 668 2739 gloria,
706 2678 735 2722 te
754 2667 918 2735 excessisse,
931 2667 1032 2725 deinde
1043 2666 1074 2720 in
1082 2663 1220 2720 barathro

153 2761 219 2798 cum
242 2743 337 2799 Gallis
353 2762 411 2818 pro
431 2743 528 2798 salute
548 2746 668 2798 certari.
708 2738 876 2814 detrusum,
896 2743 969 2803 fame
993 2753 1060 2820 post
1084 2759 1134 2800 sex
1161 2737 1221 2814 dies

174 2835 191 2875 a
212 2819 278 2890 Quo
298 2816 343 2879 die
361 2817 520 2881 secundum
537 2817 669 2878 consula·
708 2831 868 2888 enecatum
