2888 4748
233 334 297 423 198
466 320 640 392 ORATIO
667 323 851 395 CONTRA
877 321 1065 390 SULLAM

229 481 373 547 omnium
389 493 398 518 ¹
416 477 493 543 satis
509 491 615 541 tutum
631 476 749 559 fuisse,
765 478 792 543 si
807 492 892 544 recte
907 478 1091 544 faceremus.
1110 475 1218 567 Atque
1233 479 1305 562 illa,

167 639 169 642 ψ
228 600 314 680 qutae
329 602 399 652 tum
414 584 585 650 formidine
601 599 758 648 mercatus
775 607 864 668 sum,
879 587 982 674 pretio
999 587 1123 666 soluto,
1154 589 1226 669 jure
1249 587 1306 651 do-

231 696 327 762 minis
343 711 448 759 tamen
464 691 616 764 restituo:
640 715 744 779 neque
768 691 834 780 pati
859 694 1029 767 consilium
1052 707 1118 773 est,
1141 693 1242 757 ullam
1266 717 1306 760 ex

231 804 356 870 civibus
371 801 522 892 praedam
538 804 614 866 esse,
634 797 718 862 Satis
734 799 789 862 illa
804 798 943 880 fuerint,
960 825 1057 893 quae,
1073 794 1166 867 rabie
1177 813 1300 865 eontra-

231 928 295 994 cta,
310 910 527 987 toleravimus,
543 930 656 977 manus
673 921 873 971 conserentes
888 908 972 971 inter
987 932 1021 972 se
1036 909 1202 974 Romanos
1218 930 1305 976 exer·

233 1021 336 1099 citus,
352 1032 383 1081 ct
398 1039 484 1080 arma
502 1014 543 1085 ab
558 1013 695 1079 externis
711 1013 745 1076 in
762 1027 886 1078 nosmet
900 1038 1000 1079 versa.

279 1128 339 1193 Vl.
359 1125 523 1189 Scelerum
548 1137 579 1188 et
602 1121 867 1192 contumeliarum
891 1122 1035 1185 omnium
1058 1120 1133 1188 finis
1149 1120 1198 1187 sit.
1217 1123 1304 1204 Quo·

234 1258 308 1301 rum
324 1232 403 1297 adeo
421 1231 544 1300 Sullam
560 1252 624 1292 non
640 1229 801 1319 poenitet,
819 1243 860 1307 ¹ut
876 1243 907 1293 et
921 1228 1004 1294 facta
1020 1230 1053 1292 in
1070 1229 1172 1318 gloria
1194 1251 1304 1293 nume·

234 1356 294 1421 ret,
311 1355 352 1419 et,
369 1340 395 1403 si
411 1340 517 1417 liceat,
526 1336 650 1402 avidius
666 1335 784 1400 fecerit
801 1335 914 1423 Neque
930 1339 1004 1420 jam,
1014 1335 1092 1425 quid
1108 1334 1305 1402 existumetis

235 1449 276 1519 de
292 1448 367 1527 illo,
384 1446 439 1515 sed
454 1460 610 1533 quantum
630 1467 686 1511 vos
703 1443 845 1510 audeatis
867 1467 998 1513 vereor:
1019 1467 1079 1524 ne,
1100 1443 1182 1508 alius
1207 1443 1307 1511 alium

236 1555 417 1646 principem
432 1565 666 1641 exspectantes,
691 1565 762 1618 ante
779 1548 950 1639 capiamini
967 1555 989 1629 ³3
1005 1574 1069 1614 non
1086 1551 1201 1639 opibus
1217 1551 1307 1633 ejus,

238 1649 323 1752 quae
338 1660 446 1725 sutiles
468 1674 500 1724 et
523 1672 691 1748 corruptae
714 1673 807 1738 sunt,
832 1658 887 1722 sed
909 1673 1015 1725 vestra
1030 1658 1192 1738 secordia,
1209 1679 1307 1746 quam

240 1782 371 1857 captum
386 1769 426 1830 iri
441 1767 533 1846 licet,
549 1781 581 1830 et
596 1789 692 1854 quam
708 1766 833 1846 audeat,
849 1780 914 1830 tam
929 1766 1032 1833 videri
1047 1766 1172 1830 felicem
1189 1762 1207 1833 ³,
1225 1764 1308 1828 Nam

239 1890 366 1968 praeter
381 1875 530 1939 satellites
547 1874 813 1954 commaculatos,
828 1873 900 1961 quis
923 1873 1032 1937 eadem
1047 1873 1141 1939 vult?
1164 1886 1220 1936 aut
1233 1871 1308 1959 quis

240 2005 307 2054 non
323 1983 429 2052 omnia
443 1996 575 2062 mutata,
590 1996 714 2072 praeter
729 1982 919 2071 victoriam?
936 1981 1066 2046 Scilicet
1081 1980 1214 2061 milites,
1231 2003 1308 2067 quo·

244 2113 318 2160 rum
342 2090 496 2178 sauguine
528 2088 681 2153 Tarrulae
715 2089 914 2184 Scyrroque,
935 2089 1093 2184 pessumis
1124 2109 1309 2170 servorum,

243 2197 375 2271 divitiae
390 2210 499 2287 partae
515 2200 610 2262 sunt?
632 2195 685 2258 An
710 2197 827 2284 quibus
847 2197 1006 2292 praelatus
1021 2197 1055 2265 in
1071 2194 1311 2284 magistratibus

243 2303 412 2393 capiundis
428 2302 591 2383 Fusidius,
607 2298 864 2392 ancilla⁴turpis,
879 2303 1039 2367 honorum
1054 2303 1198 2367 omnium
1214 2299 1310 2365 deho-

243 2415 502 2488 nestamentum?
518 2411 631 2500 ltaque
646 2434 826 2482 maxumam
841 2409 921 2477 mihi
936 2409 1088 2480 fiduciam
1109 2410 1193 2506 parit
1207 2409 1311 2475 victor

245 2519 420 2598 exercitus,
443 2519 497 2586 cui
512 2539 569 2607 per
584 2532 631 2589 tot
646 2518 779 2589 vulnera
800 2533 831 2583 et
852 2518 975 2587 labores
998 2517 1098 2596 nihil,
1115 2531 1240 2606 praeter
1264 2530 1313 2606 ty-

246 2648 384 2695 rannum
398 2626 420 2705 ⁵,
436 2625 616 2714 quaesitum
640 2640 695 2692 est.
720 2625 791 2690 Nisi
805 2624 886 2696 forte
901 2626 1106 2696 tribuniciam
1117 2607 1312 2720 'potestatem

246 2754 392 2797 eversum
408 2731 542 2820 profecti
559 2747 632 2796 sunt
648 2757 704 2821 per
720 2755 818 2816 arma,
832 2732 992 2810 conditam
1008 2757 1027 2800 a
1041 2731 1217 2818 majoribus
1233 2731 1313 2810 suis,

248 2839 360 2925 utique
376 2842 448 2921 jura
462 2854 493 2903 et
508 2838 628 2928 judicia
644 2839 770 2908 sibimet
785 2854 1028 2927 extorquerent3
1051 2839 1176 2927 egregia
1192 2838 1315 2909 scilicet

251 2945 413 3025 mercede,
428 2969 517 3026 cum,
532 2946 663 3033 relegati
680 2945 713 3007 in
730 2945 861 3033 paludes
875 2953 886 2988 ⁶
903 2962 934 3011 et
958 2947 1072 3026 silvas,
1089 2945 1315 3015 contumeliam
1340 2980 1344 2987 <

250 3065 345 3145 atque
361 3052 515 3121 invidiam
530 3075 640 3132 suam,
655 3052 909 3148 praemia-penes
924 3076 1046 3147 paucos
1062 3052 1290 3142 intellegerent.

271 3285 282 3319 1
303 3263 470 3323 innocentia
490 3287 545 3344 pro
566 3265 763 3324 malevolentia
800 3265 947 3327 infamiam
959 3263 1069 3324 (leviro
1083 3267 1224 3322 ancillam
1237 3264 1316 3325 dixit,

249 3339 429 3410 ducebatur,
449 3356 476 3402 et
496 3343 547 3418 qui
564 3342 764 3412 abstinebant,
800 3341 826 3402 F
828 3341 936 3396 usidius
949 3341 1045 3400 Sullae
1058 3340 1211 3402 satellitum
1231 3340 1317 3397 scele-

251 3415 387 3477 ,adiersae
396 3420 471 3493 parti
478 3420 572 3476 lavere
578 3418 763 3494 putabantur.
804 3417 942 3478 stissimus
954 3419 979 3474 ei
990 3418 1208 3497 proscriptionis
1225 3417 1319 3477 consi-

272 3513 289 3550 2
312 3494 428 3554 Vereor
447 3515 484 3551 ne
505 3504 574 3563 ante
595 3499 766 3568 capiamini,
806 3492 877 3548 lium
886 3492 974 3550 dedit:
995 3507 1173 3570 quapropter
1185 3506 1320 3566 quaestu·

254 3589 343 3648 quam
349 3571 463 3628 Sullam
472 3591 580 3644 capere
588 3571 766 3647 liceat‚quia
804 3591 871 3633 ram
884 3569 1008 3630 obtinuit
1019 3591 1095 3627 anno
1105 3567 1169 3644 673.

248 3666 307 3727 per
316 3647 484 3702 secordiam
496 3650 682 3702 cunctamini.
824 3641 844 3702 5
862 3646 991 3702 Praemia
1001 3648 1076 3703 enim
1087 3642 1321 3719 turpissimisho.

273 3720 289 3776 3
314 3722 412 3782 Timeo
434 3726 536 3784 omnia
554 3723 665 3777 Sullam
678 3742 766 3778 auau-
805 3721 930 3783 minibus
942 3722 1069 3782 eontulit,
1136 3721 1137 3725 ¹

252 3816 471 3862 ramesse‚cum
481 3802 616 3859 omniaei
621 3818 770 3871 prospera
827 3799 845 3854 6
866 3798 971 3856 Procul
991 3799 1026 3854 ab
1047 3797 1104 3855 otio
1124 3808 1151 3850 et
1163 3816 1189 3856 ,a
1213 3794 1321 3851 deliciis

253 3875 406 3938 eveniant,
418 3874 545 3951 ideoque
552 3876 622 3949 jure
634 3877 663 3928 ei
673 3875 769 3947 afeli·
809 3875 898 3933 urbis
922 3873 1000 3931 Sulla
1021 3873 1161 3930 veteranis
1184 3871 1321 3928 militibus

255 3952 346 4008 citata
359 3961 584 4024 cognomentum
585 3952 670 4025 sore.
808 3971 892 4026 ,agros
911 3951 941 4011 in
960 3951 1064 4004 Piceno
1081 3961 1110 4004 et
1125 3947 1155 4004 in
1167 3947 1261 4006 Gallia
1273 3948 1332 4009 Cin⁴

272 4023 294 4101 4
313 4027 367 4088 Per
389 4045 533 4089 summum
551 4038 727 4091 contemtum
746 4037 774 4086 et
811 4025 921 4109 salpina
932 4024 1123 4088 distribuerat.
