2888 4748
279 339 344 400 206
539 328 765 401 EPISTOLA
791 333 857 398 CN.
883 331 1077 399 POMPEJI

276 483 325 548 ris
348 481 476 570 quidem
500 482 655 548 militibus
683 498 714 548 et
735 482 837 548 multo
851 483 1068 572 paucioribus,
1089 481 1251 549 sustinui:
1277 485 1347 552 hie·

278 613 424 678 memque
439 592 472 654 in
489 591 600 654 castris
616 592 699 653 inter
715 591 925 655 saevissumos
939 590 1038 655 hostis
1051 641 1058 671 ,
1072 614 1136 654 non
1151 615 1209 680 per
1225 595 1349 683 oppida

276 713 382 785 neque
398 721 436 761 ex
458 697 630 760 ambitione
646 720 714 760 mea
731 712 751 777 ¹,
767 701 825 786 egi.
843 697 931 780 Quid
951 697 1024 763 dein
1039 697 1161 787 proelia
1181 714 1236 765 aut
1259 723 1354 791 expe·

278 804 414 869 ditiones
436 804 606 884 hibernas,
630 803 747 893 oppida
782 802 886 869 excisa
921 819 978 869 aut
999 819 1125 894 recepta
1148 828 1356 889 enumerem,

280 913 407 1004 quando
421 935 471 975 res
485 911 559 1001 plus
578 911 696 992 valent,
715 934 811 1000 quam
830 912 950 986 verba?
968 913 1080 977 Castra
1095 912 1236 978 hostium
1258 916 1349 1004 apud

283 1023 457 1086 Sucronem
476 1029 482 1048 ²
505 1033 616 1108 capta,
640 1033 671 1082 et
693 1019 852 1108 proelium
875 1018 962 1107 apud
977 1017 1096 1084 flumen
1113 1020 1254 1085 Durium
1265 1018 1290 1102 ³,
1320 1037 1356 1088 et

281 1128 345 1192 dux
360 1126 500 1190 hostium
524 1128 559 1189 G.
582 1127 763 1191 Herennius
783 1149 857 1191 eum
877 1127 956 1190 urbe
977 1127 1126 1196 Valentia
1148 1142 1179 1191 et
1209 1129 1353 1195 exercitu

282 1234 393 1314 deleti,
409 1234 484 1298 satis
500 1233 585 1297 clara
600 1234 691 1301 vobis
701 1248 802 1311 cunt:
822 1257 881 1323 pro
899 1233 990 1323 quis,
1006 1257 1025 1297 o
1041 1232 1122 1322 grati
1137 1248 1261 1324 patres,
1276 1221 1349 1323 ege·

283 1355 395 1406 statem
416 1356 447 1404 et
474 1339 588 1405 famem
604 1341 743 1406 redditis.
762 1341 874 1430 Itaque
894 1364 964 1404 meo
987 1355 1017 1404 et
1037 1340 1178 1404 bostium
1194 1342 1355 1408 exercitui

282 1467 342 1539 par
357 1448 497 1514 conditio
520 1463 574 1512 est.
599 1449 745 1536 Namque
767 1448 962 1537 stipendium
985 1447 1093 1512 neutri
1115 1447 1226 1513 datur:
1245 1449 1353 1516 victor

283 1573 417 1646 uterque
433 1557 467 1619 in
483 1555 608 1620 ltaliam
623 1555 732 1621 venire
747 1569 852 1644 potest
866 1554 884 1618 ⁴.

329 1666 391 1729 ΙΙΙ.
408 1663 503 1747 Quod
518 1686 576 1751 ego
600 1685 656 1729 ros
678 1685 791 1727 moneo
812 1686 1010 1752 quaesoque,
1024 1678 1062 1729 ut
1077 1663 1356 1748 animadvortatis,¹

283 1795 346 1838 neu
362 1771 481 1860 cogatis
505 1770 747 1836 necessitatibus
768 1769 918 1861 privatim
942 1771 1022 1835 mihi
1044 1771 1216 1836 consulere.
1233 1771 1353 1861 Hispa-

283 1882 371 1946 niam
386 1878 575 1959 citeriorem,
587 1902 668 1966 quae
683 1901 749 1942 non
765 1878 806 1942 ab
820 1878 966 1944 hostibus
982 1861 1118 1958 tenetur,
1134 1901 1192 1943 nos
1208 1893 1264 1942 aut
1278 1879 1352 1945 Ser·

283 1988 384 2053 torius
401 1986 440 2051 ad
455 1985 704 2050 internecionem
726 1986 937 2064 vastavimus3
959 2000 1085 2075 praeter
1104 1987 1290 2050 maritumas
1306 1987 1357 2050 ci-

284 2097 396 2163 vitates
412 2104 433 2174 ⁸,
450 2118 531 2182 quae
551 2093 636 2157 ultro
659 2093 751 2158 nobis
772 2095 893 2159 sumtui
921 2094 1074 2182 onerique
1086 2095 1117 2156 ⁶:
1135 2093 1242 2156 Gallia
1258 2116 1355 2183 supe-

282 2205 367 2268 riore
383 2225 465 2265 anno
493 2201 614 2263 Metelli
637 2202 810 2265 exercitum
832 2201 990 2290 stipendio
1013 2200 1354 2288 frumentoque'aluit:

285 2325 317 2376 et
331 2333 418 2373 nunc
433 2307 526 2372 malis
541 2307 698 2372 fructibus
725 2309 795 2398 ipsa
821 2308 874 2374 vix
893 2307 991 2397 agitat
1006 2311 1024 2370 ⁷.
1042 2309 1112 2397 Ego
1134 2330 1199 2371 non
1220 2329 1289 2371 rem
1304 2305 1355 2373 fa-

285 2419 440 2482 miliarem
456 2415 566 2494 modo,
581 2438 693 2482 verum
708 2416 804 2480 etiam
818 2414 914 2480 fidem
930 2416 1091 2481 consumsi
1106 2425 1124 2478 ⁸.
1147 2413 1277 2503 Reliqui
1293 2438 1357 2482 vos

284 2527 371 2591 estis:
381 2525 437 2613 qui
453 2525 516 2587 nisi
532 2523 718 2603 subvenitis,
733 2524 834 2588 inrito
851 2538 882 2588 et
896 2523 1099 2613 praedicente
1114 2521 1354 2602 me,⁴exercitua

283 2633 360 2698 hinc
388 2647 419 2695 et
441 2655 515 2694 cum
539 2653 577 2696 eo
599 2653 693 2694 omne
716 2629 836 2696 bellum
860 2631 1035 2722 Hispaniae
1049 2632 1083 2695 in
1100 2630 1226 2695 Italiam
1248 2643 1355 2695 trans·

285 2739 456 2830 gredietur.

307 2959 318 2994 r
341 2939 412 2995 Non
432 2941 492 3003 ita,
511 2947 544 2991 ut
560 2938 679 3011 gloriae
699 2957 798 3004 meae,
838 2951 899 2996 erat
908 2958 1018 3007 rumor,
1031 2936 1189 2995 Sertorium
1200 2935 1231 2992 in
1241 2928 1356 2995 Italiam

271 3017 418 3093 savorem
429 3013 799 3088 militum,eaptando‚ser·
836 3028 998 3072 venturum.
1115 3015 1117 3022 '
1243 3034 1253 3047 ¹

285 3097 386 3149 vir-em.
856 3089 873 3147 5
894 3089 1072 3165 Emporium,
1084 3088 1247 3148 Tarracone
1259 3100 1288 3144 et
1300 3087 1353 3146 Sa·

303 3187 319 3226 a
333 3173 427 3224 Sucro
438 3167 591 3244 Hispaniae
601 3167 798 3224 Tarraconen*
837 3179 968 3243 guntum.

283 3244 321 3303 ais
333 3245 446 3301 ssuvius.
855 3243 873 3298 6
896 3243 1021 3297 Tantum
1033 3243 1118 3299 abest
1130 3254 1161 3298 ut
1160 3244 1355 3318 frumentum

301 3320 449 3376 3Durius
467 3320 620 3396 Hispaniae
632 3318 731 3384 amnis,
745 3319 794 3394 qui
835 3328 888 3374 aut
913 3319 1091 3392 stipendium
1116 3327 1292 3393 praestent,
1322 3326 1357 3370 ut

283 3396 436 3452 Lusitanos
458 3417 474 3452 a
495 3395 679 3452 braccarensi
700 3407 793 3450 tractu
831 3397 933 3470 potius
949 3398 1058 3450 sumtui
1073 3398 1134 3451 sint
1151 3395 1238 3451 nobis
1258 3403 1355 3469 atque

285 3471 479 3542 disterminat,
491 3476 693 3529 nuncDourO.
836 3474 930 3526 oneri.

301 3547 478 3625 lpPompeji
513 3553 661 3604 exercitus
691 3551 796 3622 inopia
854 3548 1062 3623 7Dffficulter
1074 3551 1162 3602 vitam
1174 3545 1349 3602 sustentat.'

281 3637 414 3693 coactus,
424 3636 453 3680 et
460 3627 621 3688 Sertorius,
631 3626 703 3699 quia
709 3642 793 3678 nemo
854 3628 869 3678 8
890 3622 983 3679 Idest:
996 3621 1146 3679 Creditum
1157 3645 1165 3689 3
1179 3638 1246 3675 nam
1259 3618 1353 3674 unde·

282 3706 350 3766 erit,
360 3707 413 3778 qni
421 3703 501 3758 illius
509 3705 542 3754 iu
551 3701 672 3755 [taliam
684 3703 794 3753 transi·
835 3719 949 3774 quaque
962 3699 998 3754 ab
1009 3699 1105 3754 amicis
1117 3708 1248 3753 mutuam
1263 3715 1355 3771 pecu·

281 3787 341 3836 tum
357 3779 527 3854 prohibeat.
550 3776 658 3836 Romae
676 3793 797 3852 magnus
835 3776 912 3834 niam
932 3787 1078 3847 sumserat.
1105 3832 1113 3845 p,
