2888 4748
198 365 267 452 276
608 359 833 426 EPISTOLA
857 360 873 425 Ῑ

197 531 253 571 nes
275 505 438 571 {undando
462 520 559 596 atque
582 507 773 572 admirando
796 494 1046 573 munificentiam
1061 492 1165 589 tuam,
1181 521 1302 605 quam.

198 627 234 678 tu
259 613 405 678 faciendo
430 638 512 702 quae
535 615 636 702 gloria
661 614 757 702 digna
780 629 894 679 essent.

246 720 289 783 ll.
316 720 475 808 Equidem
499 720 579 784 mihi
604 721 767 785 decretum
791 736 856 801 est,
880 720 962 785 nihil
985 736 1049 785 tam
1073 744 1111 786 ex
1135 724 1198 787 alto
1222 746 1273 788 re·
1325 790 1327 793 .

199 827 299 917 periri
322 850 433 916 posse,
458 826 545 915 quod
561 850 625 893 non
641 827 802 915 cogitandi
819 826 878 890 tihi
895 828 929 892 in
945 844 1073 916 promtu
1091 829 1138 893 sit.
1158 831 1276 918 Neque

200 958 275 1023 ego,
300 958 381 1022 quae
405 934 473 1007 visa
496 948 590 1013 sunt,
614 934 653 997 de
669 934 848 1021 Republica
864 933 922 997 tibi
939 935 1070 1023 scripsi,
1091 936 1167 1024 quia
1190 936 1278 1000 mihi

198 1042 370 1106 consilium
395 1055 490 1129 atque
514 1042 680 1130 ingenium
703 1063 809 1104 meum
835 1041 1098 1130 amplius=aequ0
1123 1043 1277 1130 probare-

198 1164 270 1214 tur:
295 1148 350 1212 sed
374 1149 457 1212 inter
479 1147 604 1212 labores
628 1147 760 1211 militiae
781 1147 928 1236 interque
951 1149 1091 1236 proelia,
1110 1150 1276 1229 victorias,

197 1257 386 1344 imperium,
402 1254 498 1319 statui
515 1253 750 1319 admonendum
766 1267 797 1318 te
812 1253 852 1317 de
868 1255 1003 1342 negotiis
1019 1255 1159 1319 urbanis.
1172 1248 1275 1319 ¹Nam-

197 1389 259 1452 que
283 1363 343 1427 tibi
367 1362 394 1426 si
417 1361 451 1424 id
475 1361 568 1426 modo
593 1362 625 1424 in
650 1375 779 1450 pectore
803 1361 930 1424 consilii
951 1375 1013 1442 est,
1030 1361 1077 1428 uti
1099 1375 1130 1426 te
1155 1362 1195 1426 ab
1210 1362 1274 1425 ini-

195 1472 354 1546 micorum
376 1469 488 1557 inpetu
504 1468 667 1546 vindices,
691 1491 820 1555 quoque
843 1467 937 1530 modo
962 1482 1073 1532 contra
1098 1469 1272 1533 adversum

196 1577 362 1643 consulem
383 1579 391 1603 ¹
414 1573 570 1639 beneficia
592 1573 706 1662 populi
730 1574 891 1650 retineas;
915 1572 1047 1660 indigna
1069 1575 1188 1643 virtute
1212 1590 1272 1640 tua

94 1724 97 1732 .
195 1684 325 1772 cogitas.
352 1680 410 1745 Sin
433 1680 468 1744 in
491 1694 523 1744 te
546 1679 601 1742 ille
625 1679 750 1743 animus
767 1692 831 1758 est,
847 1679 904 1767 qui
919 1682 984 1762 jam
1000 1702 1018 1743 a
1033 1677 1194 1770 principio
1208 1664 1268 1746 no·

193 1789 327 1868 bilitatis
351 1787 521 1852 factionem
537 1786 744 1863 disturbavit,
760 1785 886 1873 plebem
903 1786 1080 1850 Romanam
1096 1810 1134 1851 ex
1152 1791 1268 1878 gravi*

195 1897 347 1962 servitute
370 1895 405 1957 in
428 1893 606 1957 libertatem
630 1892 786 1970 restituit,
810 1892 844 1954 in
868 1907 1018 1982 praetura
1033 1893 1268 1981 inimieorum?

190 2026 282 2067 arma
305 2001 435 2065 inermis
459 1999 601 2082 disjecit,
617 1996 703 2062 domi
719 1997 914 2087 militiaeque
936 2006 1023 2064 tanta
1044 2014 1074 2063 et
1093 2015 1158 2064 tam
1173 2025 1266 2090 prae-

194 2111 282 2175 clara
304 2107 447 2171 facinora
461 2105 554 2184 fecit,
569 2105 616 2170 uti
633 2128 673 2168 ne
692 2104 815 2169 inimici
833 2105 962 2193 quidem
979 2107 1069 2193 queri
1086 2107 1265 2196 quidquam

193 2215 349 2293 audeant,
372 2213 435 2277 nisi
459 2210 498 2276 de
513 2210 732 2299 magnitudine
747 2225 819 2275 tua:
838 2213 916 2298 quin
933 2213 1041 2301 accipe
1057 2227 1092 2277 tu
1109 2237 1162 2292 ea,
1179 2238 1265 2302 quae
1352 2237 1353 2241 ’

191 2323 297 2387 dicam
321 2320 360 2385 de
384 2342 507 2385 summa
524 2316 721 2406 Republica,
742 2341 824 2404 quae
838 2317 981 2407 profecto
998 2333 1053 2384 aut
1075 2343 1150 2387 vera
1172 2321 1262 2388 inve·
1325 2378 1329 2384 .

189 2429 279 2508 aies,
303 2442 359 2492 aar
381 2441 465 2492 certe
488 2423 576 2488 haud
597 2424 757 2512 procula
779 2446 864 2491 vero.

235 2535 296 2599 111.
324 2533 388 2599 Sed
411 2532 563 2621 quoniam
589 2529 657 2620 Gn..
673 2531 847 2621 Pompejus
876 2547 932 2598 aut
960 2533 1058 2598 animi
1081 2533 1262 2623 pravitate,

192 2656 250 2711 aut
272 2641 349 2741 quia
371 2639 453 2704 nihil
468 2637 582 2716 maluit
596 2632 622 2730 ⁴,
642 2659 739 2730 quam
754 2637 842 2729 quod
856 2638 915 2712 tibi
930 2639 1073 2729 obesset,
1087 2642 1132 2706 ita
1146 2642 1263 2738 lapsus

210 2934 223 2973 1
247 2915 701 2977 ScilicetMMarcellum.Pom·
738 2918 778 2975 ris
789 2926 872 2986 esset,
890 2928 923 2973 ut
940 2915 1063 2973 tribunis
1080 2915 1173 2993 plebis
1189 2917 1257 2992 jura

106 3032 113 3043 ,
184 2995 270 3068 pejus
292 2993 383 3068 legem
405 2993 440 3049 de
465 2997 529 3068 jure
552 2994 701 3070 magistra·
739 2994 846 3050 aSulla
855 2992 951 3050 ablata
959 2993 1188 3062 restituerentur,
1200 2992 1256 3049 ob-

185 3079 270 3125 tuum
279 3069 381 3133 ferens,
389 3089 423 3124 eo
432 3070 525 3145 capite
534 3089 593 3144 quo
602 3068 639 3124 ab
647 3069 700 3123 ho·
738 3069 832 3124 tinuit.
1259 3086 1261 3090 ·

184 3162 290 3202 norum
311 3144 448 3221 petitione
475 3145 606 3201 absentes
629 3145 698 3201 sub·
755 3144 773 3200 3
795 3143 903 3200 Cecilio
921 3142 1037 3200 Metello
1055 3145 1174 3201 tribuno
1189 3144 1255 3220 ple-

184 3220 335 3289 movebat,
353 3240 388 3287 ne
409 3221 562 3277 Caesarem
581 3220 699 3298 quidem
721 3219 1254 3295 ⁴bis.turbolentissimaslegesferenti‚

182 3295 297 3368 excepit
311 3315 364 3371 per
381 3295 562 3352 oblivionem:
576 3317 609 3352 ac
621 3317 698 3366 mox,
740 3299 855 3355 Caesar
862 3306 992 3370 praetor
1002 3308 1256 3370 propugnatorem
1270 3313 1284 3342 f

184 3367 247 3444 lege
257 3372 354 3443 jamin
366 3390 414 3427 aes
425 3371 512 3427 ineisa
530 3384 558 3426 et
576 3373 606 3427 in
618 3393 698 3428 aera·
737 3391 766 3428 se
778 3372 1001 3448 pertinacissime
1011 3371 1161 3446 praestitit.
1171 3370 1255 3438 Quo·

185 3444 262 3502 rium
275 3446 404 3514 condita,
422 3447 544 3502 correxit
560 3467 695 3505 errorem.
735 3460 856 3526 propter
881 3459 996 3502 senatus
1020 3447 1125 3536 gratias
1152 3446 1178 3502 ei
1196 3466 1253 3521 per

187 3519 245 3577 Sed
256 3521 356 3577 consul
367 3521 518 3577 Marcellus
533 3520 611 3577 dedit
629 3542 698 3599 ope·
737 3523 878 3597 primores
889 3523 966 3579 viros
984 3535 1048 3598 egrt.
1065 3554 1103 3566 ·-
1122 3525 1198 3578 Svet.
1220 3525 1256 3578 in*

184 3613 258 3663 ram,
271 3609 302 3652 ut
320 3599 426 3653 Caesar
445 3617 523 3666 arma
542 3597 699 3672 deponeret
736 3599 795 3653 Jut.
810 3599 894 3654 Caes.
907 3617 932 3655 c.
950 3599 991 3653 16.
1166 3638 1171 3646 -
1201 3644 1202 3647 ,

181 3671 263 3734 etad
279 3673 380 3730 urbem
397 3672 509 3730 rediret.
534 3674 698 3730 Contende·
755 3672 775 3746 4
792 3672 879 3729 Notat
896 3673 1071 3734 obstinatum
1089 3672 1144 3731 Gn.
1163 3673 1251 3731 Pom·

183 3743 235 3801 hat
247 3747 322 3802 enim
339 3747 395 3822 legi
413 3748 510 3805 locum
528 3767 603 3816 esse,
624 3770 698 3824 quae
736 3749 794 3824 peji
812 3750 948 3817 animum,
962 3768 1020 3823 qno
1040 3768 1137 3804 omnes
1149 3749 1252 3804 condi-

184 3823 271 3879 eemel
283 3824 312 3876 in
324 3824 466 3879 aerarium
474 3824 573 3892 relata,
583 3826 698 3881 nonnisi
736 3825 827 3881 tiones
838 3826 916 3902 pacis
929 3837 956 3880 et
975 3822 1144 3880 concordiae
1161 3845 1252 3900 repu-

184 3898 326 3952 eontraria
344 3898 405 3972 lege
423 3900 556 3992 abrogari
571 3912 693 3977 poterat.
735 3900 846 3976 diavit,
869 3922 935 3959 cum
958 3899 1065 3956 Caesar
1093 3900 1130 3954 ad
1158 3918 1253 3982 aequa

182 3975 308 4030 ascet.
322 3975 423 4030 ialal.
439 3977 523 4032 Caes.
734 3978 829 4037 omnia
840 3993 1003 4059 propensus
1016 3987 1097 4036 essee

201 4065 219 4109 a
240 4048 315 4108 Cum
327 4051 435 4111 Caesar
446 4051 580 4113 tribunus
591 4052 694 4114 milita-
