2888 4748
247 317 312 407 17s
541 308 1019 379 comanensium

243 463 421 554 Cisalpina,
438 463 553 529 Catulo
570 464 663 530 ltalia
678 464 799 552 obtigit
816 464 929 551 ltaque
942 462 978 525 in
992 457 1192 551 provinciam
1206 457 1306 552 Lepi·

243 571 482 662 dus-profectus
497 585 625 636 estnon
640 570 702 636 leti
717 571 853 659 pecunia
868 593 906 634 ex
920 566 1041 632 aerario
1056 565 1139 635 lictis
1158 567 1199 632 de
1212 591 1305 635 eaus-

243 679 288 746 sis
304 678 499 769 deprompta
524 676 571 742 Ex
587 677 735 741 Euuriae
749 677 898 756 urbibus,
912 698 995 765 quae
1008 674 1085 739 belli
1099 672 1206 739 civilis
1218 675 1304 740 nal·

244 787 360 853 ceteris
375 787 520 876 graviora
534 806 646 875 passae
661 782 797 864 sumant,
804 783 898 849 multi
912 805 1003 849 seeus
1018 782 1079 847 iter
1093 780 1215 847 adeum
1229 802 1305 847 eou-

242 907 399 962 venerunt
413 893 489 955 urbe
503 894 673 977 patriaque
688 908 830 956 extorres
847 906 856 933 ¹
870 889 1123 980 proscriptique,
1138 891 1196 976 qui
1209 885 1323 953 nullo„

240 1017 327 1066 eerto
342 1000 443 1064 exilio
458 998 670 1085 vagabantur¹
677 1048 687 1077 ,
702 1021 758 1088 spe
772 998 893 1088 patriae
916 997 1137 1086 bonorumque
1155 1016 1215 1086 per
1227 1014 1304 1059 eum

240 1104 535 1195 recuperandorum
556 1105 678 1170 arrecti.
695 1105 749 1169 Ad
770 1105 829 1170 bos
852 1104 972 1169 Bmtus
987 1103 1136 1183 sesessit,
1157 1101 1213 1192 qui
1228 1121 1303 1166 eum

240 1213 350 1280 multis
365 1212 467 1300 eopiis
483 1211 657 1277 seeundum
673 1210 797 1276 Padum
812 1212 957 1300 agitabat
967 1210 1102 1276 Viribus
1117 1210 1162 1274 ita
1177 1222 1304 1287 auctus,

240 1340 337 1412 quam
346 1319 516 1382 murnum
530 1318 647 1407 potuit,
662 1341 720 1383 sua
735 1333 767 1383 et
780 1319 956 1383 amicorum
970 1315 1219 1402 fide‚nrgentum
1233 1338 1302 1377 mu·

239 1443 330 1494 tuum
347 1426 449 1489 Roma
463 1427 623 1490 arcessivit
636 1435 658 1505 ⁸,
674 1447 775 1514 eoque
789 1427 966 1489 exereitum
980 1425 992 1466 ⁴
1007 1423 1164 1488 contraxit
1184 1421 1302 1485 instro·

240 1532 351 1621 xitque
378 1531 492 1611 nmis,
522 1531 613 1621 equis
644 1530 819 1620 ceterisque
846 1531 931 1596 bello
956 1529 1150 1595 necessariis.
1176 1527 1304 1611 Quibus

241 1637 338 1706 rebus
353 1637 537 1703 exterritum
554 1659 622 1702 sero
638 1651 782 1703 senatum
803 1638 962 1727 poenituit
983 1636 1078 1700 fortia
1099 1635 1208 1700 Catuli
1226 1657 1301 1700 eon·

240 1742 313 1812 tilia
328 1757 473 1809 secutum
489 1766 553 1808 nou
568 1741 688 1821 fuisse3
701 1766 841 1833 eumque
856 1744 890 1807 in
906 1766 945 1807 eo
963 1764 1072 1808 rerum
1095 1756 1178 1808 statu
1198 1743 1299 1806 ineer-

240 1850 282 1918 tls
305 1848 381 1914 belli
403 1848 585 1916 difficillimi
605 1849 756 1938 oleaeque
775 1851 864 1940 pleni
878 1849 1045 1916 eventibus
1060 1872 1094 1915 se
1109 1872 1142 1914 se
1163 1850 1301 1933 objicere

238 1957 359 2037 uellet,
383 1957 547 2022 constituit
570 1954 729 2046 Lepidum
752 1957 907 2038 Romam,
930 1957 991 2022 sub
1013 1957 1119 2046 speeie
1141 1955 1300 2021 babendo-

239 2084 313 2132 rum
335 2064 538 2132 comitiorum
560 2086 620 2154 pro
648 2064 886 2153 magistratibus
915 2063 1087 2153 eligendis,
1110 2084 1242 2141 voeare3
1264 2063 1299 2127 iu

239 2193 400 2239 carcerem
438 2171 603 2236 detrusum
632 2171 778 2236 oeeidere
801 2220 811 2252 ‚
846 2175 982 2260 ejusque
1019 2170 1169 2236 satellites
1205 2168 1301 2234 armis

238 2278 397 2371 persequi.
423 2276 625 2368 AtItepidus
644 2278 784 2365 prudens
806 2280 948 2342 omnium
973 2294 1206 2364 quaereretur
1227 2300 1301 2341 een·

239 2403 349 2451 suerat
367 2395 388 2466 ⁵,
411 2390 519 2470 jussus
538 2386 661 2465 redire,
684 2403 786 2473 togam
805 2384 1034 2473 paludamento
1050 2388 1182 2450 mutarit
1195 2380 1221 2464 ⁶,
1235 2383 1301 2448 edis

236 2493 347 2583 ritque
371 2517 404 2559 se
420 2495 554 2558 Romam
570 2493 699 2582 quidem
713 2493 761 2559 ire
775 2507 920 2582 paratum
936 2514 1016 2573 esse,
1032 2493 1087 2558 sed
1101 2508 1138 2560 ut
1153 2516 1175 2558 r
1186 2505 1298 2557 senem

238 2600 375 2665 tribunis
391 2599 494 2689 plebis
509 2600 613 2665 illatas
628 2599 763 2684 injurias
778 2600 1000 2680 uleisoeretur‚
1016 2604 1088 2684 jura
1106 2624 1164 2666 sua
1175 2599 1300 2688 populo

238 2705 427 2788 restitueret,
443 2707 641 2796 alterumque
663 2720 784 2797 peteret
807 2707 1016 2772 consulatum.
1034 2708 1153 2773 Bmtus
1169 2692 1209 2772 ad
1225 2706 1296 2772 llas

237 2810 338 2877 unam
354 2812 510 2893 constitit,
534 2828 570 2878 ut
586 2814 725 2877 Galliam
742 2812 938 2903 Cisalpinam
960 2815 994 2878 in
1018 2813 1081 2880 lide
1103 2814 1296 2880 contineret:

236 2916 293 2982 ille
317 2939 391 2982 eum
421 2917 582 3008 plerisque
613 2921 767 2986 militibus
797 2922 932 2986 Romam
964 2923 1133 2988 contendit
1165 2922 1220 2985 llo·
1244 2919 1297 2984 ad»

235 3039 404 3106 tentante,
432 3026 562 3115 quidam
593 3028 692 3095 veluti
722 3041 833 3117 stupor
863 3051 973 3094 omnes
1006 3030 1132 3097 ordines
1162 3027 1296 3094 invasit:

235 3132 374 3199 civitatis
390 3156 461 3223 spes
484 3134 518 3198 in
539 3134 658 3200 Catulo
673 3134 776 3198 omnis
796 3135 863 3199 sita.
890 3133 1014 3202 Auctor
1036 3139 1105 3228 ipse
1128 3149 1175 3202 est
1195 3134 1296 3198 omni»

234 3238 310 3320 bus,
332 3261 372 3304 no
394 3240 516 3306 animos
537 3239 769 3331 despondeant,
792 3242 950 3332 simulque
973 3245 1021 3314 uti
1045 3268 1141 3310 arma·
1154 3242 1298 3332 capiant,

233 3348 422 3437 priusquam
438 3347 580 3437 Lepidus
603 3348 736 3438 propius
760 3348 858 3414 adsit:
882 3354 936 3413 eui
950 3354 1016 3416 nist
1034 3356 1159 3439 pariter
1175 3350 1295 3413 obviam

233 3454 333 3519 iretur
355 3462 381 3535 ⁷,
411 3456 615 3521 metuendum
644 3470 726 3521 esset
756 3479 796 3520 ne
826 3456 866 3521 ab
895 3448 976 3540 ejus’
996 3460 1107 3525 amieis
1145 3472 1176 3523 et
1206 3453 1295 3520 sateb

232 3558 343 3628 litibus
366 3576 473 3630 vetera
502 3564 608 3633 civilia
638 3563 711 3631 odiu
734 3565 947 3631 excitarentur
979 3582 1011 3633 et
1040 3568 1201 3635 tumultus
1236 3560 1297 3626 ori·

255 3762 370 3835 sFrag.
391 3762 436 3821 68.
802 3761 920 3839 5Frag.
942 3765 988 3840 69.
1070 3816 1072 3820 .

251 3855 267 3893 2
307 3835 348 3894 ltl.
388 3840 433 3896 (52.
802 3844 820 3900 6
858 3841 914 3904 Id,
941 3860 986 3917 7⁰⁸

251 3909 269 3967 5
308 3910 349 3968 Itl.
389 3912 434 3983 llll.
804 3937 820 3994 '1⁷
859 3916 902 3976 Id·
943 3934 988 3993 7²·

250 3986 270 4057 4
308 3987 349 4043 ld.
389 3986 433 4046 65.
