2888 4748
223 307 295 362 uu

202 415 359 511 -dueit3
390 434 467 489 nee
495 408 597 488 facta
627 406 758 488 solum
786 404 915 487 relatu
949 403 1088 514 digna,
1116 410 1186 489 sed
1216 396 1308 491 heb

220 562 396 641 latorum
431 562 551 638 etiam
577 558 820 637 lineamenta
848 555 1031 652 exhibet,
1061 573 1190 665 gestus
1216 588 1298 640 mo·

220 726 377 817 iusque.

197 918 203 927 -
272 863 403 960 Quam
423 857 607 964 graphice
634 849 829 965 descripta
857 852 1023 935 celebris
1052 851 1122 932 illa
1150 853 1200 932 ad
1225 858 1296 934 Za-

216 1037 326 1087 mem
355 1034 488 1112 pugne
516 1030 552 1099 ι,
573 1034 652 1111 qua
680 1006 850 1097 obsessi,
870 1021 989 1111 prout
1008 1002 1228 1108 Jugurthae·
1253 1031 1296 1082 se

215 1186 278 1237 res
298 1156 506 1247 haberent,
527 1182 549 1232 e
569 1154 779 1232 moenibus
799 1180 908 1232 nune
926 1151 1036 1243 laeti,
1052 1177 1160 1230 nune
1181 1169 1294 1230 metu

216 1304 361 1408 dejecti
391 1303 654 1410 prostabant3
685 1332 734 1380 uc
763 1311 878 1380 sicuti
908 1305 1037 1377 audiri
1066 1331 1090 1376 a
1119 1309 1198 1377 suis
1227 1319 1296 1379 aut

213 1462 326 1532 cerni
341 1467 515 1559 possent,
535 1479 692 1528 monere
712 1458 799 1540 alii,
819 1458 889 1526 alii
908 1450 1077 1539 hortari,
1091 1466 1157 1525 aut
1176 1479 1294 1526 uzunu

209 1605 448 1705 siguificare,
469 1619 536 1678 aut
556 1609 628 1695 niti
648 1602 897 1706 corporibus,
910 1617 948 1676 et
966 1601 1045 1678 buc
1066 1601 1160 1678 illue
1181 1608 1294 1707 quusi

213 1754 410 1833 vitabundi
429 1769 497 1828 aut
510 1759 703 1854 jacientes
722 1754 800 1826 tela
821 1759 972 1852 agitare
991 1749 1238 1834 videbantur.

188 1939 191 1949 ·
265 1895 484 2007 Splendida
497 1924 591 1981 vero
606 1915 646 1975 et
658 1900 702 1974 in
714 1900 852 2004 primis
873 1897 1037 1976 illustris
1059 1917 1116 1977 est
1135 1903 1291 2006 pictura

185 2049 416 2129 -eonflictus
441 2073 524 2124 non
551 2047 668 2150 longe
690 2047 739 2123 ab
761 2045 907 2152 oppido
931 2048 1061 2124 Cirtae
1091 2070 1118 2123 2.
1145 2051 1289 2149 Quem·

186 2225 331 2304 rquam
353 2198 529 2301 egregius
549 2197 692 2300 pictor,
706 2196 767 2270 uti
779 2196 878 2271 Rosa
900 2210 940 2270 et
952 2196 1160 2274 Vernetius
1179 2216 1287 2304 pote·

206 2347 261 2426 rit
280 2343 443 2451 quidem
464 2342 562 2422 adeo
578 2342 681 2424 vivis
696 2356 736 2420 et
755 2341 993 2448 spirantibus
1013 2371 1138 2454 paene
1159 2344 1289 2424 dicem

181 2550 188 2563 ‚
207 2493 406 2574 coloribus
427 2497 671 2601 expuimere,
690 2505 738 2571 ut
766 2491 840 2569 sub
871 2491 1006 2570 oculos
1027 2491 1193 2587 cadant,
1215 2501 1287 2602 qui

204 2641 378 2746 fugiunt,
398 2645 678 2750 insequuntur,
691 2660 880 2750 pereunt-3
894 2670 1016 2750 equos
1032 2646 1185 2749 equites
1205 2674 1285 2725 una
1365 2702 1371 2724 1

183 2807 433 2897 -prostratou
453 2811 578 2873 eastra
592 2795 709 2870 annis
725 2808 766 2870 ei
785 2790 1041 2874 cadaveribus
1062 2808 1163 2872 tecta
1176 2851 1186 2885 ‚
1201 2821 1286 2872 eoe-

140 2910 142 2915 ¹
206 2934 256 3016 de
276 2944 409 3019 omnia
437 2937 478 3021 et
503 2941 619 3022 luctu
638 2943 858 3048 permixta,
878 2941 1066 3021 tellurem
1092 2944 1283 3048 sanguine

202 3087 413 3168 infectam:
427 3091 497 3169 sed
517 3090 716 3198 quomodo
737 3090 868 3173 valeat
887 3093 1039 3169 saucios
1060 3089 1195 3181 duces,
1212 3093 1286 3194 qui

63 3252 66 3260 '
199 3254 277 3316 nee
305 3239 443 3343 fugae,
464 3266 540 3319 nec
557 3245 687 3348 ¹quieti
708 3241 800 3319 dare
821 3269 862 3318 se
882 3254 1068 3346 possunt,
1091 3240 1282 3343 exprime-

201 3389 272 3465 re?
287 3389 445 3494 Quique
467 3389 564 3467 dum
585 3420 626 3469 se
648 3393 795 3495 erigere
817 3406 1025 3480 conantur,
1042 3391 1174 3466 statim
1193 3416 1281 3493 pro·

205 3537 427 3629 cumbunt,
458 3539 609 3617 viribus
639 3532 721 3615 nou
752 3537 1180 3623 animo-deficientes?
1208 3539 1282 3613 Fas

205 3684 281 3759 erit
308 3683 393 3763 aliis
422 3684 585 3790 quidem
613 3703 807 3765 extremas
836 3686 1004 3764 heroum
1024 3685 1280 3777 morientium

205 3855 322 3910 voces
342 3836 541 3914 minarum
561 3834 698 3941 plenas
714 3837 880 3935 referre3
894 3852 935 3913 at
949 3835 1101 3912 nemini
1115 3835 1157 3907 in
1169 3861 1279 3910 men·
1371 3898 1374 3903 .

221 4011 238 4052 s
260 3992 327 4074 Peg.
350 4013 419 4078 ιη,
437 3997 458 4085 Ι..
479 4017 514 4061 22
533 4011 563 4063 et
581 4019 641 4081 seq.
777 3997 976 4093 21’25-‚1592
995 3997 1014 4056 l·
1039 4016 1071 4076 ¹7
1093 4008 1201 4075 etseq.
