2888 4748
233 331 296 410 tid
538 333 574 397 G.
600 331 747 396 CRISPI
773 272 1014 398 stutustlt

226 484 290 549 illis
307 482 473 549 adversum
494 480 608 547 famem
631 497 725 572 atque
747 483 853 564 sitim,
874 505 939 548 non
961 479 1088 561 libidini
1112 505 1217 574 neque
1236 486 1287 552 luss

226 613 337 657 xurrae
352 605 428 654 erat.

272 697 380 763 XCV.
397 697 500 786 Igitur
515 699 645 776 consul,
662 698 809 762 omnibus
826 697 1010 787 exploratis,
1029 697 1123 762 oredo
1140 699 1217 763 Diis
1230 699 1292 765 fre·

227 821 298 884 tus,
312 827 387 868 nam
403 820 513 883 contra
528 819 631 869 tantas
648 803 852 869 difficultates
870 806 1005 870 consilio
1028 806 1103 870 satis
1123 806 1293 895 providere

227 935 291 979 non
307 926 446 1001 poterat:
463 912 582 999 quippe
597 912 692 975 etiam
707 911 858 976 frumenti
874 912 980 1001 inopia
998 912 1188 993 tentabatur,
1205 913 1292 1001 quod

227 1018 389 1083 Numidae
410 1018 530 1107 pabulo
554 1018 678 1106 pecoris
701 1020 818 1107 magis,
841 1043 937 1107 quam
960 1043 1053 1099 arvo,
1075 1019 1220 1106 student,
1243 1036 1295 1101 et,

231 1125 458 1216 quodcumque
473 1139 584 1188 natum
598 1125 722 1206 fuerat,
743 1130 833 1210 jussu
849 1127 932 1214 regis
947 1127 982 1190 in
997 1127 1067 1192 loca
1082 1127 1206 1192 munita
1221 1152 1294 1191 con·

230 1216 391 1298 tulerant:
415 1256 489 1322 ager
512 1247 617 1296 autem
641 1232 749 1298 aridus
773 1249 804 1299 et
825 1232 953 1322 frugum
976 1257 1097 1301 vacuus
1120 1259 1157 1299 ea
1176 1250 1295 1326 tempe·

231 1355 322 1419 state,
338 1362 412 1404 nam
427 1339 553 1405 aestatis
569 1356 744 1404 extremum
759 1355 838 1417 erat3
853 1355 959 1405 tamen
974 1364 1033 1430 pro
1048 1342 1095 1404 rei
1110 1343 1202 1430 copia
1219 1343 1295 1408 satis

231 1447 437 1538 providenter
452 1462 603 1519 exornat,¹
618 1475 625 1510 ε
641 1471 740 1536 pecus
756 1470 865 1527 omne,
886 1447 973 1535 quod
993 1448 1211 1537 superioribus
1232 1449 1296 1512 die-

232 1554 293 1620 bus
316 1553 451 1643 praedae
473 1553 592 1633 fuerat,
615 1555 777 1642 equitibus
801 1555 975 1619 auxiliariis
998 1555 1154 1642 agendum
1172 1567 1182 1588 ¹
1200 1552 1294 1620 adtri-

230 1660 321 1726 buit:
339 1660 377 1728 A.
395 1660 552 1726 Manlium
567 1662 705 1749 legatum
721 1684 794 1725 cum
811 1661 995 1726 cohortibus
1016 1661 1167 1751 expeditis
1184 1663 1227 1726 ad.
1239 1688 1294 1753 op·

231 1767 343 1857 pidum
360 1768 472 1848 Laris,
488 1768 544 1835 ubi
559 1769 752 1857 stipendium
772 1783 803 1832 et
825 1783 1036 1834 commeatum
1057 1769 1231 1849 locaverat,
1247 1772 1294 1834 irc

233 1876 333 1959 jubet:
344 1875 486 1963 dicitque
500 1898 532 1940 se
545 1875 807 1964 praedabundum
816 1889 889 1965 post
895 1899 1016 1965 paucos
1025 1875 1092 1939 dies
1102 1876 1214 1941 eodem
1222 1900 1296 1942 ven·
1355 1954 1369 1972 ,

232 1995 350 2049 turum.
365 1983 420 2046 Sic
436 1983 583 2071 incoepto
600 1965 658 2046 suo
675 1983 844 2063 occultato,
861 1983 965 2073 pergit
981 1983 1020 2047 ad
1035 1982 1152 2048 flumen
1162 1984 1293 2049 Tanam.

196 2076 199 2083 Α
279 2090 406 2156 XCVI.
425 2089 574 2157 Ceterum
589 2089 623 2153 in
640 2089 751 2154 itinere
767 2089 910 2177 quotidie
930 2114 1028 2180 pecus
1044 2091 1220 2156 exercitui³
1238 2117 1296 2182 per

231 2197 413 2275 centurias,
429 2196 504 2262 item
520 2211 640 2264 turmas
656 2197 830 2283 aequaliter
845 2197 1065 2275 distribuerat3
1081 2213 1128 2278 et,
1149 2223 1186 2264 ex
1201 2201 1297 2265 coriis

233 2317 322 2367 utres
337 2303 385 2366 uti
400 2300 529 2382 fierent,
545 2303 690 2368 curabat:
707 2303 803 2369 simul
818 2317 849 2371 et
864 2303 1006 2391 inopiam
1021 2303 1171 2369 frumenti
1186 2307 1296 2386 lenire,

234 2396 266 2472 et
281 2408 399 2496 ignaris
416 2410 575 2488 omnibus,
591 2433 715 2498 parare,
731 2433 813 2498 quae
829 2433 901 2474 mox
914 2406 926 2445 ⁴
940 2411 1015 2477 usui
1029 2406 1144 2475 forent:
1160 2412 1297 2500 deniquo

233 2531 324 2589 sexto
347 2517 415 2596 die,
437 2540 511 2582 cum
527 2517 567 2580 ad
587 2516 705 2581 flumen
722 2533 852 2583 ventum
869 2532 934 2596 est,
949 2541 1095 2584 maxuma
1115 2520 1163 2586 vis
1178 2520 1298 2585 utrium

235 2625 357 2692 effecta.
374 2625 425 2692 lbi
441 2625 551 2694 castris
566 2625 629 2693 levi
645 2625 842 2694 munimento
857 2624 982 2715 positis,
996 2626 1110 2690 milites
1126 2628 1233 2692 cibum
1249 2652 1298 2692 ca-

141 2728 144 2732 ’
235 2756 324 2824 pere,
334 2733 497 2819 atque,'uti
505 2731 600 2801 simul
616 2754 691 2802 cum
707 2755 823 2797 occasu
838 2731 914 2800 solis
930 2730 1299 2823 egrederentur‚paratos

236 2863 305 2908 esse
321 2839 427 2922 jubeo,
443 2839 589 2908 omnibus
606 2838 738 2906 sarcinis
760 2839 908 2922 abjectis,
928 2863 1011 2926 aqua
1033 2839 1127 2907 modo
1151 2863 1246 2928 seque
1269 2856 1300 2908 et

236 2951 380 3031 jumenta
404 2968 542 3015 onerare.
566 2946 651 3015 Dein
666 2990 682 3025 ‚.
696 2960 866 3034 postquam
889 2960 1014 3033 tempus
1038 2946 1165 3024 visum,
1187 2949 1300 3012 castris

239 3053 416 3142 egreditur:
440 3066 627 3140 noctemque
649 3066 747 3126 totam
769 3052 881 3116 itinere
904 3052 1007 3130 facto,
1030 3051 1191 3117 consedit:
1215 3054 1301 3119 idern

237 3183 392 3250 proxuma
401 3158 484 3230 facit.
494 3160 580 3225 Dein
595 3159 688 3230 tertia
703 3157 803 3230 mutto
819 3171 892 3229 ante
905 3157 987 3228 lucis
1004 3157 1174 3229 adventum
1189 3185 1300 3252 perve-

242 3449 244 3456 ι
261 3437 273 3474 1
298 3417 403 3474 Omnia
423 3419 460 3474 ad
480 3417 700 3494 expeditionem.
795 3419 883 3476 menti
892 3418 1040 3485 leniretur,
1053 3417 1185 3488 alterum,
1197 3433 1229 3475 ut
1249 3419 1303 3495 ipsi

244 3513 276 3569 ¹2
298 3495 515 3570 Impellendum.
796 3495 898 3553 milites
909 3496 1049 3553 nescirent
1066 3497 1112 3552 cui
1129 3496 1206 3550 bono
1226 3509 1303 3551 utres

258 3569 277 3627 3
298 3571 414 3639 Marius,
428 3571 603 3646 quiainopia
623 3571 758 3629 frumenti
796 3570 1012 3632 conficerentur.
1030 3571 1064 3627 Id
1084 3593 1117 3628 eo
1126 3571 1233 3626 Marius
1253 3591 1304 3627 cu-

240 3659 312 3713 erat,
324 3652 422 3720 pecus,
434 3648 505 3702 idest
523 3647 623 3714 boves,
637 3666 703 3702 oves
716 3668 755 3704 cc.
795 3648 893 3725 piebat
911 3669 969 3721 quo
987 3646 1124 3704 occultius
1140 3647 1305 3720 incoeptum

232 3721 397 3796 ‚aequaliter
426 3724 561 3778 centuriis
590 3736 617 3777 et
649 3723 750 3777 turmis
790 3743 874 3779 suum
905 3737 1004 3789 esset,
1038 3736 1065 3778 et
1095 3743 1131 3776 ne
1167 3722 1305 3796 perfugae

242 3797 440 3866 distribuebat,
452 3811 483 3853 ut
494 3820 548 3874 pro
561 3797 627 3853 cibo
636 3809 751 3852 uteren-
792 3799 909 3874 quidem
919 3800 936 3854 J
941 3798 1080 3874 ugurthae
1092 3795 1218 3852 indicare
1235 3818 1305 3874 pos-

242 3885 289 3934 tur
308 3886 336 3929 et
356 3893 390 3930 cx
410 3876 495 3929 coriis
514 3888 591 3932 utres
619 3874 752 3929 lacerent.
793 3888 864 3933 seut.

242 3947 285 4001 Ex
305 3949 360 4010 hoc
379 3947 438 4004 duo
451 3950 504 4009 sihi
517 3961 682 4026 opportuna
700 3949 751 4007 ob·
810 3949 829 4020 4
848 3949 942 4010 Idest:
960 3948 1306 4011 utresadconvehendam

243 4023 361 4097 tinebat,
381 4024 513 4098 alterum,
529 4039 561 4086 ut
582 4024 679 4105 inopia
693 4026 753 4084 fru·
793 4045 905 4105 aquam.
