2888 4748
475 842 839 967 succurra

616 1112 731 1178 ss‘u'

341 1347 553 1418 BELLUM
583 1349 969 1426 JUGURTHINUM
1087 1351 1089 1355 ’

171 1949 197 2014 l.
216 1906 331 2018 Falso
354 1945 501 2036 queritur
522 1944 563 2012 dc
578 1959 693 2012 natura
708 1967 767 2010 sua
781 1967 882 2036 genus
898 1944 1097 2033 humanum,
1112 1936 1203 2043 quod

125 2057 285 2121 imbecilla
315 2068 411 2143 atquc
440 2053 510 2120 aevi
546 2053 651 2121 brevis
674 2069 759 2120 sorte
781 2055 917 2145 potius,
939 2074 1037 2147 quam
1060 2059 1201 2142 vutute,

124 2177 262 2254 regatur.
286 2161 369 2226 Nam
384 2174 495 2227 contra
509 2161 707 2252 reputando,
722 2185 828 2254 neque
843 2167 948 2249 majus
969 2165 1077 2248 aliud,
1093 2189 1202 2256 nequo

123 2266 354 2362 praestabilius
376 2268 539 2351 invenias,
566 2270 732 2359 magisque
761 2280 896 2338 naturae
922 2271 1115 2338 industriam
1138 2273 1195 2338 lto·-⁴

125 2379 268 2461 minum,
283 2399 381 2467 quam
395 2374 462 2445 vim
484 2384 682 2465 auttempus
704 2375 822 2443 deesse.
847 2376 912 2442 Sed
936 2377 1002 2450 dur
1031 2375 1127 2470 atque
1143 2380 1201 2445 im'·

124 2499 254 2576 perator
275 2486 361 2552 vitae
385 2482 571 2549 mortalium
592 2481 719 2548 animus
737 2490 814 2581 ⁴est:
839 2483 896 2574 qui
919 2484 976 2549 uhi
1000 2485 1042 2551 ad
1064 2487 1203 2576 gloriam

123 2593 252 2664 virtutis
262 2592 328 2679 ³via
350 2603 531 2682 grassatur,
546 2589 673 2656 abunde
688 2588 813 2681 pollens
827 2605 1028 2681 potensque,
1043 2607 1075 2660 et
1090 2594 1198 2662 clarus

124 2715 190 2782 est,
213 2722 317 2790 neque
341 2699 481 2776 fortuna,
494 2711 589 2789 eget3
612 2697 733 2789 quippe
757 2720 839 2787 quae
862 2700 1079 2790 probitatem,
1101 2694 1198 2772 indu

123 2810 252 2890 etaiam,
268 2807 410 2898 aliasque
425 2806 503 2872 artis
517 2805 618 2872 bonas
633 2811 738 2895 neque
753 2805 847 2888 dare,
866 2824 972 2896 neque
987 2808 1111 2900 eripere
1127 2805 1198 2878 dui·

71 2957 75 2963 -
123 2928 221 3006 quam
243 2928 356 3006 potest.
384 2913 442 2978 Sin
466 2927 579 3004 captus
602 2914 711 3003 pravis
735 2903 962 3004 cupidinibus,
986 2915 1028 2981 ad
1051 2916 1203 2984 inertiam
1233 2927 1237 2934 '

123 3037 156 3086 ct
169 3023 349 3113 voluptates
366 3023 510 3112 corporis
523 3019 749 3117 pessumdatus
765 3034 832 3087 est:
855 3022 1037 3110 perniciosa
1051 3022 1198 3089 lubidine

122 3130 300 3220 paullisper
313 3153 411 3210 usus,
426 3129 483 3194 uhi
498 3151 557 3219 per
573 3127 749 3194 secordiam
763 3128 859 3208 vires,
874 3142 1013 3220 tempus,
1028 3129 1198 3218 ingenium

121 3228 309 3316 diffluxere,
332 3250 465 3301 naturae
479 3224 648 3302 infirmila‘s
665 3249 852 3302 accusatur:
874 3246 965 3303 suam
989 3238 1110 3330 quippe
1131 3238 1199 3305 cul·

123 3366 199 3436 pam
223 3357 369 3411 auctores
389 3342 431 3411 ad
445 3344 572 3433 negotia
594 3343 791 3417 transferunt
806 3346 824 3407 ¹.
851 3340 947 3430 Quod
970 3345 997 3411 si
1012 3345 1203 3418 hominihus

123 3440 282 3518 bonarum
305 3461 413 3516 rerum
428 3464 517 3528 tanta
536 3472 614 3516 cura
638 3467 739 3532 esset,
759 3461 881 3541 quanto
908 3454 1015 3520 studio
1039 3454 1145 3520 aliena
1166 3478 1206 3520 ac

124 3559 206 3638 nihil
228 3558 398 3651 profutura
420 3557 621 3648 multumque
642 3558 738 3623 ctiam
752 3560 934 3650 periculosa
948 3575 1080 3651 petunt3
1096 3582 1203 3650 neque

126 3680 312 3758 regerentur
335 3665 455 3756 magis,
480 3688 576 3757 quam
600 3680 746 3756 regerent
769 3682 884 3747 tasus3
900 3683 931 3734 et
954 3691 992 3734 eo
1009 3661 1204 3758 magnitudi-

125 3775 176 3841 nis
191 3774 420 3866 procederent,
434 3774 491 3840 ubi
506 3797 567 3864 pro
581 3760 769 3842 mortalibus
785 3777 796 3804 ¹
818 3776 920 3866 gloria
935 3777 1055 3840 aeterni
1079 3774 1206 3850 fierent.

154 3999 164 4034 1
190 3979 280 4051 Quasi
297 3981 440 4045 humanas
459 3981 536 4046 vires
560 3993 646 4069 supe-
706 3999 721 4037 2
740 3982 783 4037 Ex
796 3979 984 4068 mortalibusz
996 3979 1210 4044 uidelicetcum

124 4067 202 4123 seut.
686 4056 821 4119 mortales
841 4069 906 4120 sant
1023 4096 1025 4103 ι
