2888 4748
196 322 200 333 ·
251 334 316 408 oo
545 334 581 406 e.
607 319 1024 408 consonuerunt
1113 294 1115 299 ’

249 513 304 556 eus
328 501 395 564 est3
420 485 482 552 alia
506 489 613 555 omnia
629 501 637 527 ¹
654 489 716 555 sibi
739 512 813 555 eum
836 479 967 579 eo‘nlega
989 501 1096 570 ratus,
1119 485 1161 554 ad
1182 473 1322 574 loellumi

248 596 338 686 quod
360 609 507 684 gesturus
531 611 619 677 erat,
642 596 785 661 animum
807 597 954 662 intendit:
970 588 1073 686 Igitur
1096 594 1244 664 diffidens
1266 619 1320 666 ve:

250 704 313 769 teri
336 703 508 781 exercitui,
532 703 649 769 milites
673 703 826 783 seribere,
849 702 1008 794 praesidia
1026 701 1169 792 undique
1183 727 1320 770 arcesse·-

253 832 315 874 re:
340 832 446 891 arma,
468 811 551 890 tela,
574 828 674 900 equos
697 825 729 876 et
751 825 855 877 cetera
877 811 1088 875 instrumenta
1111 810 1242 877 militiae
1264 834 1321 902 pa·-

249 939 345 994 rare3
368 916 409 981 ad
431 917 494 982 hoe
517 931 729 983 commeatum
752 916 898 997 affatim,
920 917 1059 1006 denique
1082 917 1214 997 omnia,
1237 939 1323 1007 quae

250 1023 288 1086 in
310 1023 395 1088 hello
410 1023 500 1089 vario
515 1038 546 1090 et
561 1024 734 1089 multarum
749 1046 857 1089 rerum
872 1024 996 1113 egenti,
1019 1023 1094 1088 usui
1117 1046 1185 1088 esse
1207 1024 1319 1090 solent

245 1130 407 1205 {Getarum
431 1128 471 1194 ad
494 1153 531 1194 aa
554 1131 729 1221 patranda,
752 1145 881 1196 senatus
905 1129 1092 1196 auctoritate
1112 1130 1144 1211 ⁸,
1165 1129 1244 1196 socii
1266 1152 1321 1194 no·

252 1256 392 1326 meoque
414 1237 567 1302 Latinum
582 1253 614 1304 et
628 1260 717 1327 reges
732 1237 818 1302 ultro
834 1237 951 1302 auxilia
966 1236 1138 1318 mittendo,
1160 1249 1320 1327 postremo
1380 1280 1381 1283 =

252 1341 358 1408 omnis
382 1343 494 1410 civitas
518 1367 643 1410 summo
667 1343 781 1410 studio
796 1343 1007 1432 adnitebatur.
1032 1343 1168 1432 ltaque,
1193 1366 1230 1408 ex
1254 1363 1322 1408 sen·
1406 1408 1408 1412 .

247 1451 352 1516 tentia
368 1450 516 1516 omnibus
531 1451 627 1516 rebus
648 1451 768 1542 paratis
791 1450 1057 1540 compositisque,
1080 1451 1114 1514 in
1137 1449 1322 1514 Numidiam

252 1555 490 1645 proficiscitur,
513 1578 627 1646 magna
643 1581 700 1646 spe
715 1557 853 1638 civium,
876 1575 950 1622 eum
965 1571 1096 1647 propter
1110 1556 1209 1622 bonas
1227 1555 1324 1637 artis,

253 1676 322 1726 tuna
346 1686 493 1728 maxume
512 1664 599 1753 quod
615 1664 784 1731 advorsum
799 1664 926 1730 divitias
942 1665 1100 1730 invictum
1115 1663 1257 1728 ammam
1270 1683 1324 1750 gea

253 1769 368 1834 rebat:
392 1772 525 1837 avaritia
547 1773 788 1862 magistratuum
812 1785 885 1836 ante
907 1771 944 1836 id
963 1786 1090 1860 tempus
1112 1770 1147 1835 in
1170 1767 1323 1834 Numidia

255 1890 383 1941 nostrae
406 1901 482 1967 opes
506 1894 676 1959 contusae,
699 1878 904 1966 hostiumque
928 1892 1039 1942 anetae
1062 1890 1162 1941 erant·

302 1984 463 2049 XLVIII.
491 1985 554 2049 Sed
585 1986 642 2050 ubi
673 1986 706 2049 in
739 1985 879 2052 Africam
902 1986 1008 2066 venit,
1030 1983 1187 2049 exereitus
1209 1981 1325 2074 eitra·

256 2089 345 2155 usur
369 2091 481 2181 sporo
505 2077 616 2157 nutui
640 2094 869 2182 proconsulis,
891 2093 1001 2173 noers,
1028 2090 1191 2169 imbellis,
1220 2109 1325 2178 oeque

257 2197 395 2287 periculi
414 2219 518 2286 neque
533 2196 650 2264 laboris
667 2201 811 2288 patiens,
833 2200 963 2287 lingua,
978 2212 1075 2288 quam
1089 2209 1205 2275 manu,
1218 2214 1326 2284 prom·

256 2306 338 2384 tior,
353 2304 522 2394 praedator
537 2330 575 2371 ex
590 2307 685 2372 sociis
701 2321 733 2372 et
747 2306 816 2393 ipse
831 2305 948 2396 praeda
964 2305 1122 2384 hostium,
1144 2304 1212 2368 sine
1226 2302 1325 2389 impe·

256 2412 304 2475 rio
321 2409 330 2443 ³
345 2425 376 2476 et
393 2412 545 2478 modestia
561 2413 699 2481 habitus.
725 2415 773 2479 lta
789 2413 972 2503 imperatori
989 2434 1073 2478 novo
1088 2405 1162 2500 plus
1174 2430 1212 2472 ex
1232 2405 1325 2471 malis

256 2518 400 2582 moribus
424 2521 656 2603 solicitudinis,
680 2544 775 2609 qnam
799 2545 836 2586 ex
867 2521 960 2610 eopia
979 2519 1116 2583 militum
1140 2514 1250 2580 auxilii
1270 2524 1326 2576 aut
1399 2528 1402 2533 '

255 2624 359 2687 honae
383 2627 452 2713 spei
474 2628 650 2694 accedebat·
677 2630 796 2694 Statuit
819 2641 925 2692 tamen
942 2624 1109 2703 Metellus,
1131 2640 1326 2711 quamquam

257 2743 290 2794 et
313 2731 506 2799 aestivorum
529 2750 655 2826 tempus
679 2736 881 2801 comitiorum
903 2755 993 2799 mora
1013 2731 1026 2771 ⁴
1048 2731 1258 2805 inminuerat,
1282 2720 1327 2805 el,

257 2839 493 2926 exspectatione
517 2845 639 2923 eventi,
659 2843 778 2909 oinium
800 2844 922 2907 animos
940 2842 1078 2905 intentos
1091 2836 1244 2932 patabatt
1258 2843 1324 2894 non

258 2944 350 3032 prius
373 2945 493 3009 bellum
517 2948 693 3038 adtingere,-
718 2972 813 3039 quam
836 2953 995 3033 majorum
1016 2942 1185 3032 disciplina
1207 2938 1324 3003 milites

259 3051 405 3116 laborare
428 3052 440 3091 ⁸
463 3055 621 3144 coegisset.
644 3057 725 3120 Nam
745 3055 904 3136 Albinus,
925 3053 1003 3118 Auli
1023 3049 1127 3114 lrauis
1156 3046 1325 3112 exereitus·

260 3181 324 3246 que
348 3159 437 3224 clade
460 3163 646 3249 perculsus,
670 3177 839 3252 postquam
855 3163 1036 3227 decreverat
1051 3171 1115 3221 non
1131 3153 1238 3244 egredi
1252 3174 1325 3242 pro·

259 3266 384 3346 vincia,
408 3283 564 3357 quantum
587 3271 738 3359 temporis
760 3271 953 3336 aestivorum
969 3266 1003 3330 in
1018 3263 1152 3355 imperio
1167 3261 1245 3341 fuit,
1261 3259 1329 3350 ple·

229 3538 231 3542 >
283 3505 379 3562 rAlia
392 3501 487 3562 omnia
499 3506 582 3563 simul
595 3527 659 3564 eum
669 3505 776 3582 collega
833 3504 921 3578 thb
939 3505 1123 3563 tribunorum
1143 3499 1237 3578 plebis
1255 3495 1330 3552 sedi-

261 3603 354 3659 agare;
375 3597 402 3640 at
420 3585 527 3640 bellum
539 3585 568 3640 in
579 3583 712 3640 Numidia
725 3583 778 3638 sibi
815 3583 915 3650 tiones,
936 3583 987 3658 qui
1004 3582 1125 3638 retinere
1134 3575 1330 3650 magistratum

261 3659 315 3716 soli
327 3661 496 3723 curandum.
814 3658 992 3726 nitebantur,
1004 3671 1037 3713 ut
1048 3672 1135 3730 supra
1146 3650 1225 3706 dixit.

281 3753 297 3789 a
316 3737 438 3793 Senatus
455 3737 529 3792 enim
541 3735 714 3803 decernebat
725 3743 776 3790 au·
835 3733 852 3792 5
872 3735 961 3789 Erant
969 3731 1102 3788 laborum
1113 3725 1202 3782 multa
1215 3742 1330 3799 genera,

260 3811 327 3866 xiiia
340 3812 470 3888 aliaque,
487 3832 561 3887 quae
577 3814 607 3867 iu
618 3810 695 3869 bello
712 3811 777 3865 usui
815 3810 922 3885 quibus
932 3799 1329 3864 Romanusmilesexenceba·

261 3901 357 3942 essent
371 3889 535 3964 provinciis.
814 3899 880 3942 tur:
896 3885 1000 3941 fossam
1010 3880 1136 3950 dodone,
1155 3876 1267 3964 vallum
1282 3897 1332 3962 ea-

280 3960 395 4019 Sldest
413 3989 418 4018 :
439 3965 617 4040 disciplinae
638 3964 776 4020 militaris
814 3957 1232 4033 truere‚vigiliasservare,cum
1246 3970 1335 4028 sigma

262 4041 431 4114 impatiens.
814 4034 956 4104 incedere,
966 4034 1191 4094 etbumetoma
1202 4031 1289 4089 lerna.
