2888 4748
255 331 317 414 tls
548 327 583 398 C.
611 325 759 401 CRISPI
786 329 1026 402 SALLUSTII

249 495 409 560 sueverat,
433 482 628 569 exagitandi,
652 485 839 548 concionem
859 483 971 573 populi
994 479 1180 559 advocavit,
1200 480 1321 546 deinde

251 587 313 653 hoc
329 588 423 652 modo
440 588 597 654 disseruit.

297 696 510 761 LXXXVII.
537 700 609 760 Scio
634 723 688 782 ego
702 747 711 777 ,
737 700 897 779 Quirites,
919 698 1088 783 plerosque
1112 721 1176 759 non
1200 697 1314 759 iisdem

249 803 370 867 artibus
388 806 555 887 imperium
572 829 592 866 a
609 804 692 867 vobis
706 823 834 892 petere,
849 821 881 869 et
889 855 898 884 ,
912 820 1081 890 postquam
1096 803 1204 889 adepti
1219 818 1294 866 sunt
1305 851 1322 882 „

247 935 375 996 gerere:
396 913 499 994 primo
516 911 687 974 industrios
695 962 705 990 ,
720 913 899 998 supplices,
914 910 1052 974 modicos
1068 933 1134 974 esse
1152 919 1182 993 ¹3
1197 909 1320 973 dehinc·

249 1042 309 1102 per
324 1019 480 1102 ignauiam
502 1033 534 1079 et
554 1018 733 1103 superbiam
757 1035 894 1082 aetatem
910 1042 1000 1103 agere
1014 1045 1023 1095 ς
1037 1016 1093 1080 sed
1108 1017 1186 1079 milri
1202 1031 1315 1080 contra

251 1124 381 1188 videtur.
392 1127 486 1198 llam,
496 1148 557 1207 quo
575 1127 719 1188 uniuersa
730 1125 920 1211 Respublica
933 1125 1037 1210 pluris
1054 1140 1115 1201 est,
1131 1147 1225 1208 quam
1240 1146 1315 1190 cun·

203 1244 205 1248 '
250 1231 374 1294 sulatus
399 1246 456 1292 aut
478 1246 631 1314 praetura
643 1281 653 1309 ,
675 1257 712 1296 eo
728 1238 847 1316 majore
869 1258 946 1295 eura
962 1233 1053 1296 illam
1074 1231 1316 1307 administrari,

251 1361 347 1423 quam
363 1337 440 1399 haec
454 1340 522 1423 peti
536 1337 658 1401 debere.
675 1343 784 1423 Neque
800 1364 848 1402 me
855 1339 954 1423 fallit
963 1388 973 1416 ‚
988 1354 1143 1424 quantum
1160 1362 1231 1400 cum
1248 1361 1315 1399 ma·

252 1469 349 1506 aumo
367 1444 517 1528 beneficio
534 1461 632 1508 vestro
648 1448 765 1531 negotii
779 1449 965 1510 sustineam:
979 1445 1107 1509 Bellum
1121 1469 1257 1531 parare,
1273 1445 1316 1506 si·

254 1551 323 1613 mul
338 1567 369 1614 et
384 1554 509 1614 aerario
524 1577 673 1636 parcere;
693 1577 801 1638 cogere
817 1553 861 1616 ad
878 1554 1026 1616 militiam
1047 1576 1118 1628 cos,
1137 1575 1214 1636 quos
1231 1551 1316 1615 nolis

255 1657 417 1742 offendere
426 1682 436 1735 3
451 1658 536 1721 domi
552 1660 721 1745 forisque⁸
736 1663 992 1737 omniacurare3
1013 1675 1045 1725 et
1066 1683 1106 1722 ea
1122 1683 1213 1743 agere
1231 1659 1317 1722 inter

254 1765 393 1844 invidos,
409 1782 608 1828 occursantes
623 1769 635 1807 ³
644 1817 653 1846 ,
666 1769 845 1851 factiosos3
861 1768 1009 1854 opinione
1023 1805 1034 1846 ,ι
1050 1767 1209 1847 Quirites,
1224 1789 1317 1850 ospe-

253 1875 320 1936 rius
336 1889 391 1936 est.
408 1873 457 1935 Ad
471 1872 543 1950 boc,
558 1873 617 1935 alii
631 1876 659 1935 si
674 1875 855 1961 deliquere,
870 1891 956 1940 vetus
971 1873 1142 1952 nobilitas,
1157 1875 1317 1956 majorum

243 1980 339 2064 sacta
350 1981 455 2062 sortia
465 2028 475 2057 ,
490 1995 692 2064 cognatorum
713 1999 745 2047 et
764 1983 919 2068 adfinium
936 2006 1009 2067 opes
1018 2032 1027 2061 ‚
1049 1981 1168 2044 multae
1185 1980 1321 2044 cliente-·

254 2087 345 2165 laet,
360 2089 466 2149 omnia
482 2086 559 2152 baec
573 2090 733 2174 praesidio
750 2090 884 2154 adsunt:
900 2090 979 2154 milri
993 2114 1063 2176 spes
1080 2112 1186 2153 omnes
1202 2089 1235 2150 in
1252 2110 1318 2151 rne-

253 2210 317 2257 met
331 2196 431 2271 sitae,
446 2219 525 2280 quas
541 2220 669 2260 necesse
682 2213 729 2259 est
743 2212 776 2259 et
791 2201 924 2276 virtute,
943 2213 975 2261 et
997 2198 1182 2260 innocentia
1197 2196 1295 2260 tutari
1307 2221 1319 2256 .-

251 2326 327 2365 nam
342 2301 408 2364 alia
424 2303 550 2385 infirma
565 2318 646 2365 sunt.
663 2307 705 2365 Εἰ
723 2303 809 2366 illud
825 2304 989 2388 intellege,
1007 2306 1158 2384 Quirites,
1173 2305 1314 2366 omnium

253 2433 310 2505 cra
326 2410 358 2470 in
375 2433 423 2472 me
446 2435 592 2474 conversa
617 2417 703 2489 esse3
723 2436 841 2498 aequos
869 2411 1030 2496 bonosque
1044 2413 1176 2495 farere3
1197 2412 1317 2494 quippe

252 2515 420 2599 benefacta
435 2539 506 2579 mea
527 2519 731 2603 Reipublicae
752 2520 930 2606 procedunt
945 2516 976 2580 ⁵:
996 2518 1194 2581 nobilitatem
1211 2517 1317 2579 locum

253 2622 424 2686 inuadendi
438 2616 449 2650 ⁶
463 2649 624 2709 quaerere.
643 2630 710 2708 Quo
727 2628 805 2690 mihi
820 2628 925 2690 acrius
948 2625 1159 2688 adnitendum
1183 2642 1246 2704 est,-
1268 2626 1317 2686 uti

251 2753 353 2814 neque
370 2748 419 2793 eos
435 2731 627 2816 capiamini⁷
636 2783 646 2812 ,
661 2750 692 2797 et
708 2735 760 2797 illi
764 2736 893 2818 frustra
908 2735 982 2815 sint.
1001 2739 1053 2796 lta
1068 2732 1111 2796 ad
1126 2733 1183 2797 boc
1200 2734 1318 2795 aetatis

252 2861 273 2897 a
292 2838 433 2920 pueritia
446 2839 529 2920 sui,
552 2856 587 2901 ut
613 2842 713 2902 omnis
738 2840 884 2918 labores,
906 2841 1051 2926 pericula
1080 2855 1229 2906 consueta
1259 2838 1315 2899 lra-

252 2941 352 3005 beam.
371 2947 457 3024 Quae
473 2962 547 3008 ante
564 2962 663 3009 vestra
678 2946 840 3030 beneficia
845 2951 986 3032 gratuito
995 2946 1180 3030 faciebam,
1195 2971 1234 3007 ca
1250 2948 1318 3023 uti,

252 3066 382 3135 accepta
405 3052 546 3116 mercede
562 3052 592 3131 ⁸,
615 3053 778 3132 deseram,
799 3067 862 3116 non
882 3070 929 3116 est
948 3053 1138 3129 consilium,
1164 3055 1313 3132 Quirites.

257 3158 329 3220 Illis
345 3158 478 3244 difficile
495 3177 541 3223 est
557 3164 589 3223 in
603 3160 811 3246 potestatibus
829 3174 1016 3244 temperare,
1029 3161 1086 3244 qui
1098 3184 1157 3245 per
1171 3160 1320 3222 ambitio-

277 3358 287 3392 1
310 3341 449 3397 Modicus
460 3354 502 3397 est
512 3342 693 3407 moderatus,
703 3364 765 3398 mo-
804 3339 1041 3410 defendebantur,
1063 3343 1101 3398 ita
1122 3343 1243 3399 vicissim
1265 3362 1317 3417 pa-

253 3414 362 3474 destus.
805 3432 889 3474 trono
920 3419 950 3472 in
985 3419 1062 3474 omni
1092 3418 1224 3495 periculo
1251 3417 1322 3476 ede÷

257 3539 260 3546 .
274 3509 289 3545 2
310 3490 401 3547 Idest:
422 3504 450 3548 et
460 3493 567 3550 Romae
581 3494 648 3550 etin
660 3495 767 3552 exemi·
806 3508 879 3551 rant.

253 3578 303 3634 tu,
323 3588 394 3643 paee
414 3567 556 3643 belloque.
825 3570 841 3628 5
863 3569 1023 3626 Commodo
1035 3582 1157 3628 vertunt.

273 3641 423 3698 3Contra
443 3645 571 3703 nitentes.
771 3692 774 3695 .
825 3646 1013 3722 6Carpe'ndi
1032 3641 1293 3715 calumniandique..

272 3717 290 3788 4
313 3720 477 3776 Clientelae
506 3733 590 3793 *erant
620 3720 769 3778 hominum
828 3744 843 3798 7
866 3726 1068 3798 Decipiamini
1086 3726 1116 3774 in
1134 3722 1250 3792 favore
1273 3738 1321 3774 ue-

253 3793 459 3863 multitudioes,
481 3795 618 3865 civitates,
661 3799 770 3859 nando·
799 3809 892 3865 estro,
909 3801 977 3854 dum
997 3816 1053 3871 ego
1080 3815 1140 3850 non
1165 3798 1189 3849 is
1212 3813 1320 3859 essem,

254 3873 521 3949 queetiamregno,
544 3819 770 3948 quaedicuise-
810 3875 927 3950 qualem
948 3875 1068 3928 velletis.
1152 3924 1154 3929 .

247 3947 358 4002 -natorii
381 3947 488 4005 ordinis
510 3948 719 4011 adhaerebant;
739 3961 785 4005 ct·
826 3955 842 4005 8
864 3947 1024 4004 Consulatu
1042 3947 1225 4026 imperioque
1239 3965 1321 4003 exer*

255 4022 497 4096 quemadmodum
521 4029 584 4102 ejus
609 4023 768 4104 patrocinio
807 4025 879 4082 situs
890 4021 1043 4084 Numidici.
