2888 4748
772 96 796 123 0·

240 325 307 393 ns
421 317 649 389 nelsrott
672 317 808 387 REGIS
833 315 1136 388 Mttttntntrls
1196 328 1201 343 “

237 475 326 567 apud
343 464 638 553 Cabira'excrcitu,
661 488 693 538 et
713 473 810 540 variis
833 471 915 537 inter
938 494 988 538 me
1011 488 1107 563 atque
1132 475 1346 544 Lucullum*

237 583 387 675 proeliis,
405 583 516 672 inopia
532 606 644 646 rursus
661 581 778 645 ambos·
791 580 928 646 incessit.
951 581 1004 644 Illi
1025 582 1152 646 suberat
1174 600 1316 672 regnunt

238 690 467 757 Ariobarzanis
482 690 568 754 bello
584 690 759 754 intactum:
776 711 854 778 ego,
870 688 1001 753 vastatis
1017 689 1139 754 circum
1160 693 1314 759 omnibus

238 799 337 881 locis,
354 800 388 862 in
413 797 600 863 Armeniam
625 797 789 864 concessi:
812 782 977 886 secutique
998 797 1138 860 Romani
1160 821 1225 862 non
1241 822 1316 882 me,¹

238 908 294 972 sed
309 930 431 972 morem
446 929 542 972 suum
565 907 672 971 omnia
695 929 792 996 regna
815 905 1045 986 subvertundi,
1065 905 1142 994 quia
1165 907 1316 973 multitu-

237 1015 348 1080 dinem
364 1015 441 1080 artis
465 1015 545 1080 locis
567 1037 677 1103 pugna
697 1013 915 1105 prohibuere,
937 1013 1176 1102 inprudentiam
1200 1015 1316 1106 Tigra-

237 1123 289 1188 nis
330 1146 390 1212 pro
405 1123 538 1188 victoria
555 1137 723 1188 ostentant

282 1229 343 1298 VI.
369 1229 465 1296 Nunc
481 1253 600 1320 quaeso
617 1229 803 1311 considera,
819 1228 912 1294 nobis
928 1229 1108 1319 oppressis,
1127 1244 1236 1294 utrum
1255 1227 1313 1294 fir·

237 1340 371 1410 miorem
387 1353 418 1404 te
434 1339 474 1403 ad
488 1337 720 1420 resistendum,
739 1361 781 1402 an
802 1336 901 1401 finem
922 1338 999 1401 belli
1022 1336 1168 1402 futurum
1190 1342 1314 1427 putes?

238 1451 314 1516 Scio
330 1448 478 1539 equidem
493 1447 552 1511 tibi
572 1469 703 1536 magnas
719 1470 814 1535 opes,
833 1446 992 1526 virorum,
1014 1424 1175 1511 armorum
1191 1461 1222 1510 et
1238 1447 1315 1512 auri

236 1581 326 1624 esse:
342 1571 389 1636 et,
405 1579 442 1621 ea
456 1578 491 1619 re
507 1578 525 1618 a
541 1554 634 1618 nobis
655 1552 696 1616 ad
719 1553 921 1632 societatem,
944 1554 984 1617 ab
1008 1553 1072 1618 illis
1096 1553 1136 1619 ad
1157 1553 1314 1643 praedam

234 1662 362 1756 peteris.
389 1663 539 1730 Ceterum
566 1661 738 1726 consilium
762 1675 810 1725 cst
836 1661 1005 1749 Tigranis,
1036 1685 1135 1751 regno
1165 1663 1315 1752 integro,

232 1772 316 1838 meis
337 1771 492 1836 militibus
514 1770 591 1835 belli
613 1769 848 1859 prudentibus,
870 1770 986 1859 procul
1008 1770 1048 1837 ab
1069 1770 1184 1851 domo,
1206 1794 1312 1860 parvo

234 1878 345 1965 labore
352 1930 368 1962 ,⁸
372 1902 433 1970 per
448 1893 557 1944 nostra
573 1901 709 1968 corpora
724 1877 847 1943 bellum
862 1875 1040 1942 conficere:
1057 1878 1186 1966 quando
1201 1900 1312 1966 neque

235 1986 489 2076 vincere,neque
503 1985 591 2051 vinei
607 1987 675 2050 sine
691 2000 747 2052 tuo
762 1985 907 2075 periculo
918 2008 1098 2075 possumus.
1109 1984 1163 2049 An
1178 1985 1311 2075 ignoras

234 2093 420 2174 Romanos,
449 2109 620 2191 postquam
649 2093 690 2159 ad
714 2092 923 2159 Occidentem
949 2093 1155 2183 pergentibus
1178 2100 1188 2124 ²
1210 2091 1311 2158 finem

236 2203 386 2268 Oceanus
409 2200 503 2282 fecit,
528 2223 614 2266 arma
636 2201 702 2266 huc
725 2199 944 2267 convertisse?
960 2201 1071 2290 Neque
1096 2201 1274 2291 quidquam
1291 2226 1312 2268 a

236 2292 417 2402 principio,
443 2310 506 2375 nisi
532 2324 661 2401 raptum
686 2308 804 2373 babere
828 2307 976 2389 domum,
999 2312 1171 2399 conjuges,
1195 2310 1310 2398 agros,

238 2419 434 2509 imperium?
456 2441 635 2504 convenas,
665 2417 743 2482 olim
765 2417 834 2484 siae
857 2416 979 2507 patria,
1010 2417 1079 2483 sine
1100 2417 1311 2507 parentibus,

233 2542 324 2616 peste
349 2527 494 2594 conditos
517 2527 603 2591 orbis
626 2541 803 2592 terrarum:
831 2525 948 2615 quibus
971 2547 1035 2590 non
1057 2525 1198 2589 humana
1219 2525 1310 2610 ulla,

233 2658 339 2724 neque
361 2635 469 2702 divina
491 2635 637 2716 obstant,
660 2635 738 2725 quin
762 2633 885 2715 socios,
907 2634 1047 2721 amicos,
1068 2634 1195 2725 procul,
1217 2637 1310 2718 juxta

232 2741 331 2824 sitos,
352 2742 464 2832 inopes
486 2744 689 2834 potentisque
712 2743 839 2808 trahant
862 2741 1093 2831 excidantque3
1116 2741 1310 2832 omniaque,

233 2871 299 2915 non
326 2873 417 2917 serva
438 2865 469 2915 et
485 2868 631 2916 maxume
646 2874 755 2940 regna,
770 2850 898 2916 hostilia
914 2850 1040 2916 ducant.

277 2956 355 3024 Vll.
380 2958 526 3047 Namque
541 2959 637 3048 pauci
653 2957 851 3040 libertatem,
866 2981 941 3048 pars
957 2981 1072 3048 magna
1087 2962 1189 3044 justos
1205 2957 1309 3023 domi-

231 3058 291 3130 nos
306 3066 438 3133 volunt:
454 3089 515 3131 nos
533 3066 675 3156 suspecti
690 3091 802 3133 sumus
819 3066 955 3147 aemuli,
976 3067 1057 3131 etin
1079 3081 1222 3158 ternpore
1236 3066 1307 3134 vin-

230 3171 318 3240 dices
342 3172 493 3240 adfuturi.
519 3176 570 3246 Tu
594 3199 692 3260 vero,
715 3176 770 3243 cui
798 3174 946 3241 Seleucia
967 3170 978 3208 ³
999 3191 1149 3241 maxuma
1176 3175 1308 3242 urbium

252 3451 264 3488 r
289 3433 348 3507 Qui
358 3436 462 3507 copias
475 3453 535 3490 non
546 3454 600 3492 sno
614 3435 680 3494 loco
688 3456 745 3512 pu·
806 3453 823 3492 2
838 3432 962 3492 Tamdiu
974 3435 1089 3491 scilicet
1099 3435 1207 3491 intacti
1217 3447 1302 3488 man-

226 3528 307 3582 gnae
320 3510 473 3585 objecerit.
483 3510 631 3580 Lucullus,
645 3513 746 3588 Tigra·
783 3516 897 3577 simus,
923 3513 1064 3589 quamdiu
1092 3513 1152 3567 illis
1180 3515 1211 3567 in
1243 3513 1301 3565 Oc-

227 3605 295 3642 nem
314 3585 485 3661 insequens,
502 3607 604 3664 aspera
620 3600 649 3645 et
668 3602 746 3645 arcta
784 3588 901 3644 ridente
933 3608 998 3643 eum
1023 3591 1186 3662 Hispanis,
1223 3589 1300 3642 Car-

228 3661 358 3740 convalle
377 3661 464 3739 longo
491 3664 603 3740 agmine
627 3665 681 3720 iter
700 3664 741 3720 fa·
779 3664 1015 3737 tbaginiensibus
1032 3665 1159 3740 aliisque
1175 3665 1300 3737 populis

227 3737 351 3794 cientem
377 3738 495 3806 adortus
515 3752 575 3808 est,
601 3753 629 3796 et
648 3742 678 3796 in
697 3741 743 3797 fu·
782 3741 890 3796 bellum
899 3741 975 3815 fuit.
1176 3809 1177 3812 Ἴ

226 3832 302 3888 garn,
323 3814 353 3869 in
373 3817 510 3892 angustiis
525 3815 657 3872 locorum
676 3815 742 3892 plu·
800 3815 1040 3893 3C0gnomeuto
1066 3832 1194 3888 magna,
1223 3813 1302 3875 urbs

225 3888 308 3944 ribus
325 3890 435 3960 occisis,
455 3893 584 3966 conjecit.
605 3893 641 3951 V.
656 3894 743 3951 Com·
781 3894 1007 3971 Mesopotamiae
1035 3890 1071 3946 ad
1099 3892 1209 3967 Tigrim
1237 3891 1292 3948 llu·

221 3965 364 4039 pendium
383 3969 565 4027 Historicum
583 3988 650 4048 pag.
675 3973 738 4044 188,
775 3969 856 4028 vium
876 3981 977 4026 contra
989 3966 1219 4047 Ctesiphontem,
1237 3964 1291 4028 bo·

223 4037 241 4099 l.
264 4059 281 4117 7
301 4052 408 4118 etseq.
777 4045 823 4105 die
842 4043 978 4122 stagnat.
