2888 4748
394 329 582 397 BELLUM
605 331 942 399 JUGURTHINUM
1141 335 1203 414 145

140 503 278 558 meeum,
293 494 325 544 et
339 485 491 567 capessite
502 485 752 569 llempublicnm,
768 510 869 571 neque
886 509 1076 571 quemquam
1092 511 1135 550 ear
1151 513 1203 552 co-

141 587 285 650 lamitate
302 589 438 652 aliorum
447 640 456 669 ,
472 607 528 654 aut
544 593 768 676 imperatarum
787 593 936 677 superbia
952 610 1052 656 metus
1072 599 1200 682 ceperit.

139 697 271 778 Egomet
286 698 319 758 in
335 698 476 781 agmine,
492 701 525 760 in
543 700 664 784 proelio
689 701 850 762 consultor
873 701 955 764 idem
974 717 1006 765 et
1024 704 1127 764 socius
1145 728 1200 788 pe·
1250 754 1251 757 η

138 802 237 864 riculi
251 802 406 866 vobiscum
423 805 650 892 adera-meque
668 829 779 892 eosque
790 809 823 869 in
840 808 982 870 omnibus
998 808 1091 872 rebus
1101 813 1202 894 jurata

137 926 254 993 gerum.
270 913 312 973 Es
325 912 485 997 profecto,
499 912 560 975 diis
578 914 782 996 jurantibus,
806 917 912 976 omnia
935 930 1060 978 maturo
1080 933 1154 979 sunt
1171 931 1200 996 ¹,

138 1017 269 1079 victoria
281 1066 297 1096 ,Ι
312 1016 454 1101 praeda,
471 1010 571 1082 laus:
592 1045 674 1105 quae
698 1023 726 1083 si
744 1019 842 1083 dultia
870 1021 926 1084 aut
942 1023 1057 1106 procul
1075 1040 1201 1104 essent,

140 1137 245 1185 tamen
278 1126 378 1186 omnis
409 1123 504 1187 bonos
528 1128 731 1212 Reipublicae
762 1127 924 1192 subvenire
948 1130 1045 1192 decet.
1074 1133 1200 1194 Etenim

138 1231 263 1313 ignavia
279 1246 370 1294 nemo
386 1233 564 1317 inmortalis
577 1236 708 1316 sactus.-
724 1259 825 1318 neque
842 1238 1008 1321 quisquam
1029 1261 1145 1322 parcns
1161 1239 1199 1300 li·

138 1335 222 1397 beris
232 1384 242 1413 ,
257 1339 305 1399 uti
320 1341 560 1423 aeternisorent
569 1390 578 1418 ,
595 1343 727 1425 optavit3
742 1342 798 1403 sed
813 1346 923 1428 magis,
940 1347 987 1406 uti
1009 1344 1084 1406 bani
1105 1345 1200 1408 licite-

138 1443 241 1527 stique
262 1447 357 1507 vitam
377 1449 550 1530 exigerent.
568 1448 667 1510 Plura
687 1447 842 1527 dicerem,
860 1452 1014 1529 Quirites,
1032 1454 1060 1514 si
1080 1451 1198 1516 timidis

137 1551 280 1614 virtutem
299 1553 391 1615 verba
407 1554 578 1617 adderent:
594 1581 668 1618 nam
684 1558 821 1619 strenuis
837 1555 962 1620 abunde
978 1558 1096 1620 dictum
1110 1575 1197 1643 puta.

184 1659 275 1723 XGI.
301 1660 531 1743 Huiuscemodi
554 1664 696 1726 oratione
719 1662 853 1743 habita,
886 1663 1007 1728 Marius
1030 1680 1204 1754 postquam

77 1762 80 1767 ’
137 1765 239 1852 plebis
256 1766 377 1831 animos
394 1768 536 1832 adrectos
551 1769 654 1848 videt,
669 1792 804 1858 propere
820 1785 1013 1850 commeatu,
1029 1773 1201 1860 stipendio,

139 1874 253 1954 armis,
269 1874 403 1963 aliisque
419 1875 552 1939 utilibus
568 1876 658 1942 navis
675 1889 804 1940 onerat:
822 1899 895 1940 cum
917 1875 967 1940 his
984 1876 1024 1940 A.
1041 1878 1201 1945 Manlium

136 1980 275 2066 legatum
290 1979 451 2068 proficisci
466 1983 562 2069 jubet.
588 1982 662 2070 lpse
681 1981 802 2045 interea
823 1984 939 2047 milites
956 1983 1111 2066 scribere,
1135 2011 1200 2050 non

137 2107 225 2148 more
239 2088 519 2176 majorum,nequc
533 2112 573 2152 cx
589 2087 773 2169 classibus’,
789 2088 845 2152 sed
860 2090 908 2154 uti
924 2094 1081 2179 cujusque
1096 2093 1196 2157 libido

137 2207 223 2270 erat3
239 2193 342 2282 capite
359 2217 469 2258 censos
483 2197 494 2236 ³
510 2194 686 2284 plerosque.
704 2195 742 2260 Id
761 2195 881 2261 factum
902 2197 957 2262 alii
977 2198 1086 2286 inopia
1101 2198 1198 2262 hono-

136 2321 226 2378 rum,
243 2300 298 2364 alii
312 2325 369 2391 per
385 2302 589 2367 ambitionem
604 2302 615 2339 ⁴
635 2305 775 2368 consulis
795 2304 1031 2382 memorabam
1050 2305 1137 2392 quod
1159 2305 1199 2368 ab

137 2430 174 2470 eo
199 2430 312 2495 genere
336 2409 510 2474 celebratus
535 2425 711 2497 auctusque
732 2423 818 2487 erat3
842 2425 873 2473 et
888 2410 1009 2475 homini
1024 2413 1199 2500 potentiam

136 2517 301 2603 quaerenti
324 2517 557 2604 egentissumus
581 2517 716 2605 quisque
740 2515 1061 2605 obportunissumus3
1078 2519 1132 2581 cui
1147 2542 1201 2582 ne-

136 2644 198 2710 que
214 2646 271 2686 sua
286 2647 399 2703 curae,
415 2624 535 2713 quippe
552 2645 633 2713 quae
648 2623 737 2687 nulla
753 2637 847 2703 sunt,
868 2639 900 2688 et
916 2625 1112 2688 omnia-cum
1128 2649 1199 2715 pre·

134 2729 180 2792 tio
195 2733 205 2769 ⁵
220 2729 352 2794 honesta
367 2731 524 2798 videntur.
542 2732 644 2820 Igitur
660 2730 783 2795 Marius
800 2753 874 2799 cum
893 2730 1057 2819 aliquanto
1079 2736 1200 2815 majore

134 2859 283 2924 numero,
300 2860 395 2924 quam
411 2837 573 2902 decretum
589 2851 671 2916 erat,
686 2837 720 2900 in
738 2835 881 2905 Africam
896 2837 1072 2927 profectus,
1087 2839 1201 2927 paucis

74 2926 79 2935 Χ
135 2943 247 3008 diebus
264 2944 394 3010 Uticam
410 2943 584 3010 advehitur.
603 2943 768 3008 Exercitus
782 2944 814 3009 ei
830 2944 1001 3009 traditura
1021 2945 1057 3008 P.
1074 2928 1216 3010 Rutilio¹

135 3050 246 3139 legato.
263 3052 345 3116 Nam
361 3050 509 3117 Metellus
526 3065 732 3141 conspectum
748 3051 845 3114 Marii
865 3049 1006 3140 fugeram
1022 3073 1063 3115 nc
1078 3051 1199 3117 videret

134 3182 190 3239 ea,
206 3183 287 3249 quae
303 3159 411 3224 audita
425 3159 551 3225 animus
567 3157 701 3224 tolerare
716 3157 910 3246 nequiverat.

156 3359 165 3392 1
190 3340 283 3394 Prona
294 3381 301 3407 ,
322 3340 420 3397 facilia.
684 3337 857 3414 pendebant;
867 3359 884 3393 a
893 3339 1024 3394 censione
1034 3336 1137 3414 capitis
1148 3358 1199 3413 ap-

153 3433 169 3469 2
191 3415 275 3472 Cives
293 3413 416 3470 distincti
428 3416 549 3473 erantin
561 3414 646 3489 quin·
684 3413 789 3490 pellati.
803 3414 840 3468 Hi
851 3413 888 3468 ad
902 3413 1029 3469 militiam
1049 3433 1107 3468 non
1126 3415 1198 3487 recif

134 3511 191 3566 que
203 3489 304 3547 classes
314 3510 368 3567 pro
379 3494 518 3565 cujusque
532 3489 643 3564 opibus:
683 3491 848 3566 pichantur,
870 3491 925 3547 nisi
937 3503 1062 3547 extrema
1073 3488 1200 3562 adigeret

134 3587 167 3622 aa
186 3587 241 3642 pro
258 3567 392 3642 dignitate
413 3565 544 3622 classium
554 3565 647 3640 digni·
684 3568 844 3623 necessitas.

133 3656 177 3699 tas
187 3644 217 3698 in
228 3644 337 3711 militia,
348 3662 425 3699 arma
437 3654 465 3698 et
476 3641 531 3699 tela
544 3641 647 3701 consti·
704 3641 723 3713 4
743 3643 797 3700 Per
819 3642 946 3699 studium
967 3639 1052 3696 Marii
1070 3639 1197 3695 favorem

135 3731 203 3774 tuta.
684 3717 777 3794 plebis
797 3732 824 3775 et
843 3719 933 3773 infimi
945 3719 1084 3791 cujusque
1096 3713 1198 3790 adqui-

148 3791 169 3848 3
192 3797 297 3869 Capite
309 3800 391 3852 censi
409 3789 578 3852 dicebantur
597 3793 647 3868 qui
685 3795 776 3850 rendi.

134 3881 184 3924 aut
204 3869 294 3939 nullo,
312 3885 361 3927 aut
379 3893 432 3948 per
451 3890 538 3946 quam
555 3888 646 3946 parvo
704 3868 1011 3945 50mniaquaecum
1026 3866 1109 3924 lucro
1129 3887 1199 3923 con·
1285 3872 1298 3896 ⁹

133 3964 199 4000 aere
229 3947 434 4004 censebantur:
464 3965 588 4020 namque
609 3944 646 3999 ab
684 3948 784 4023 juncta
795 3957 868 4008 sunt.

128 4019 260 4098 inopiam
269 4022 360 4084 solum
371 4044 425 4101 pro
438 4022 528 4102 capite
540 4020 648 4080 tributa

185 4123 211 4164 Γ.
229 4122 250 4165 Ι,
776 4141 780 4148 ·
1023 4123 1063 4162 10
