2888 4748
618 326 768 397 vrrs
1216 357 1234 422 7

159 478 216 547 illo
238 478 334 547 fuerit
356 476 475 561 rhetor,
490 500 570 569 quas
587 478 626 544 ab
643 481 735 547 initio
756 476 939 558 memoravi,
962 477 1055 545 binas
1079 479 1236 550 declama·

159 606 262 672 tiones
279 604 476 694 conscripsit
488 604 610 688 Quarto
626 605 699 670 idus
717 604 839 695 Aprilis
855 604 906 669 die
922 604 1043 689 judicio
1060 605 1144 671 dieta
1161 629 1235 672 eum

158 727 274 796 bellico
299 742 453 820 apparatu
472 728 646 820 Pompejus
669 729 703 794 in
727 728 834 794 forum
857 729 945 795 venit
968 744 1127 796 conventu
1152 729 1235 797 mili·

158 853 246 919 tibus
270 853 486 944 undequaque
517 853 739 946 circumsepto.
772 854 836 928 Tot
866 875 1028 921 armorum
1060 867 1236 943 conspectu

159 977 289 1044 territus
305 1000 380 1042 eum
397 977 568 1067 trepidanti
585 1002 663 1045 voce
680 976 849 1042 defendere
865 999 1032 1066 aggressus
1049 990 1096 1041 est
1111 976 1235 1042 Cicero.

158 1099 205 1165 At
220 1124 238 1165 a
256 1099 409 1165 Sallustio
434 1102 564 1168 incitata
583 1102 673 1191 plebs
689 1115 828 1190 strepere
844 1124 884 1165 nc
897 1098 1100 1165 exaudiretur
1121 1126 1128 1162 ι
1149 1122 1235 1166 cum·

72 1194 77 1201 Ι
157 1247 222 1314 que
247 1224 409 1289 silentium
433 1224 549 1290 facturi
570 1225 687 1290 milites
702 1225 736 1289 in
754 1223 890 1290 mediam
913 1223 1041 1289 turbam
1064 1222 1236 1313 processis.-

156 1361 240 1426 eent,
256 1348 370 1413 Cicero
395 1353 465 1434 ejus
489 1364 594 1415 motus
619 1372 750 1415 caussae
774 1348 912 1428 inscius,
935 1346 1104 1436 nudosque
1130 1346 1235 1436 splen·

157 1470 287 1537 descere
311 1495 402 1538 enses
431 1475 636 1563 conspicatus
664 1474 708 1538 ita
740 1473 847 1538 animo
870 1470 1029 1550 concidit,
1054 1483 1091 1535 ut
1115 1470 1235 1536 oblitus

156 1615 366 1685 eorumquae
384 1597 555 1662 memoriae
571 1598 785 1677 mandaverat,
795 1620 898 1686 pauca
913 1593 1092 1660 inordinate
1110 1592 1237 1675 dixerit,

156 1731 189 1784 et
201 1719 334 1784 exilium
350 1720 384 1784 in
402 1721 558 1788 Milonem
575 1736 729 1787 statutum
745 1720 849 1785 fuerit.
861 1719 997 1784 Moerita
1013 1740 1143 1805 quoque
1158 1739 1234 1805 poe·

156 1862 199 1911 na
223 1842 329 1909 affecti
349 1858 424 1909 sunt
446 1845 488 1924 ii,
509 1845 566 1934 qui
582 1843 799 1909 incendendae
816 1842 923 1908 curiae
939 1839 1101 1930 principes
1124 1839 1233 1904 extite-

155 1981 237 2032 rant
262 1967 307 2032 At
332 1968 524 2047 Sallustius,
541 1969 659 2034 frustra
677 1966 815 2031 inimicis
830 1965 878 2030 illi
895 1963 1156 2041 adversantibus,
1174 1962 1232 2028 im·

154 2111 243 2184 pune
259 2091 358 2169 abiit;
382 2114 483 2181 quum
499 2092 585 2156 enim
601 2091 677 2157 satis
696 2090 745 2155 illi
764 2090 877 2156 fuisset
895 2088 1001 2157 dolori
1014 2110 1072 2152 suo
1089 2086 1122 2149 in
1138 2081 1235 2151 amici

153 2229 256 2278 morte
272 2213 454 2296 indulsisse,
470 2216 691 2306 populumque
713 2215 844 2280 adeum
864 2210 1084 2279 ulciscendum
1108 2207 1232 2273 inflam-

153 2353 275 2420 masse,
298 2340 394 2405 tacite
418 2340 554 2406 callidus
579 2352 758 2405 secesserat
777 2336 933 2400 Nobilitas
949 2356 1024 2400 vero
1040 2330 1174 2414 injurias
1191 2327 1232 2394 ab
1299 2324 1303 2331 ’

152 2480 192 2523 eo
216 2476 362 2551 acceptas
387 2484 566 2527 memorans
585 2461 694 2526 odium
712 2461 840 2550 penitus
856 2457 961 2521 animo
978 2453 1113 2522 fovebat
1132 2451 1230 2516 Anno

152 2580 262 2671 itaque
282 2585 563 2673 septingentesimo
579 2599 695 2673 quarto
711 2606 785 2648 cum
802 2604 917 2647 census
932 2595 964 2647 et
980 2579 1117 2643 lustrum
1133 2574 1229 2639 habe·

150 2718 272 2772 retura
289 2706 430 2772 Pulchro
447 2720 479 2773 et
496 2707 614 2773 Pisone
629 2707 826 2786 censoribus,
842 2719 954 2770 senatu
971 2706 1091 2787 ejectus
1115 2713 1163 2764 est
1185 2694 1228 2763 ob

151 2829 341 2896 criminosos
354 2831 386 2894 in
395 2831 724 2897 Romanasmatrouas
740 2852 862 2895 amores
874 2831 891 2892 ¹.
903 2826 1043 2892 Pulchra
1053 2845 1127 2889 sane
1137 2843 1228 2886 caus·

150 2973 186 3021 ta
208 2955 249 3018 iis
273 2955 469 3046 reipublicae
484 2954 683 3046 temporibus
699 2955 817 3044 quibus
837 2978 874 3020 eo
894 2953 1063 3019 devenerat
1078 2943 1227 3023 licentia,

148 3089 186 3143 nt
209 3082 346 3162 majores
371 3081 574 3170 magistratus
597 3079 789 3145 foedissimis
813 3077 1016 3165 infandisque
1038 3066 1226 3134 libidinibus

147 3199 255 3289 palam
279 3201 441 3290 inquinari
463 3226 526 3267 non
551 3201 693 3294 puderet
713 3203 795 3267 Cum
819 3201 853 3264 in
876 3199 1014 3291 publicis
1038 3189 1225 3259 muneribus

147 3322 296 3390 versandi
311 3323 373 3387 sihi
387 3329 450 3408 jam
468 3325 604 3393 facultas
619 3349 684 3391 non
702 3341 800 3407 esset,
817 3323 988 3390 Sallustius
1004 3318 1044 3383 ad
1060 3315 1141 3381 illud
1158 3328 1224 3378 stu·

146 3441 237 3509 dium
253 3468 287 3510 se
302 3446 427 3526 retulit,
444 3468 460 3510 a
479 3468 545 3537 quo
565 3449 749 3539 impotentis
773 3446 872 3514 animi
897 3444 1085 3535 cupiditates
1110 3459 1223 3505 avoca·

145 3584 274 3649 verant,
299 3583 395 3658 atque
420 3570 626 3638 Catilinariae
650 3572 902 3657 conjurationis,
925 3591 1027 3658 quae,
1057 3587 1090 3629 se
1115 3558 1220 3624 adole·

121 3772 123 3777 Ι
146 3706 268 3774 scente,
292 3707 329 3758 ut
351 3692 508 3774 diximus,
522 3693 605 3761 facta
621 3694 740 3776 fuerat,
765 3694 933 3791 historiam
954 3709 1120 3779 aggressus
1144 3694 1221 3748 est:

145 3828 226 3902 opus
249 3816 449 3909 periculosae
471 3818 605 3909 plenum
620 3819 725 3903 aleae,
740 3842 815 3888 oum
838 3833 871 3887 et
892 3816 932 3884 de
955 3809 1140 3881 hominibus
1163 3805 1222 3900 qui

167 4061 180 4100 ι
202 4041 279 4103 Dion
300 4047 379 4109 Cass.
400 4049 449 4112 lib.
470 4051 516 4127 do.
