2888 4748
258 358 319 402 120
549 335 584 400 c.
611 333 759 402 omsrr
786 322 1027 405 sautusrrt

251 499 377 551 curaret
395 510 402 548 τ
426 483 559 566 deinde,
576 485 667 574 signo
688 486 783 567 dato,
807 487 949 578 undique
962 489 1061 573 simul
1076 487 1196 555 elamor
1210 481 1325 581 ingens¹

253 593 362 657 oritur.
388 592 500 681 Neque
524 616 560 656 ea
584 616 634 657 res
658 593 813 658 Numidas
846 609 967 672 terret:
995 587 1115 660 infensi
1143 596 1322 688 intentique

253 699 321 764 sine
337 699 477 764 tumultu
494 713 623 763 manent
643 726 649 762 :
673 701 832 788 proelium
847 701 1008 792 Incipitur.
1032 702 1167 767 Romani
1191 727 1250 793 pro
1272 707 1343 796 iit-4

250 805 344 894 genio
369 806 523 894 quisque,
546 829 620 895 pars
637 807 761 871 eminus
784 808 923 896 glande¹
950 823 1005 873 aut
1024 807 1182 898 lapidibus
1198 826 1322 899 pugna·

250 935 285 977 re
303 939 310 976 ε
333 912 465 980 evadere
482 906 554 993 alii,
572 913 626 976 alii
642 913 830 994 succedere,
845 938 881 979 ao
896 937 1023 980 murum
1039 916 1133 980 modo
1149 915 1320 997 suffodere,

249 1020 345 1084 modo
370 1019 463 1085 scalis
489 1019 639 1108 adgredi3
663 1043 780 1110 cupere
795 1021 955 1110 proelium
978 1023 1012 1086 in
1037 1023 1184 1088 manibus
1206 1022 1321 1089 lacere.

252 1127 372 1193 Contra
396 1149 433 1191 ea
457 1127 610 1216 oppidani
625 1126 658 1190 in
674 1145 847 1216 proxumos
863 1149 936 1192 saxa
951 1130 1093 1210 volvere,
1109 1130 1220 1212 sudes,
1234 1131 1319 1220 pila,

249 1248 414 1324 praeterea
435 1234 507 1322 pice
523 1248 554 1298 et
569 1231 723 1323 sulphure
739 1234 863 1302 taedam
877 1236 1003 1300 mistam
1023 1236 1165 1301 ardentia
1185 1238 1318 1303 mittere.

252 1340 316 1406 Sed
340 1363 380 1404 ne
404 1340 476 1405 illos
501 1340 647 1429 quidem,
669 1339 728 1429 qui
750 1341 863 1430 pr'ocul
887 1356 1080 1423 manserant,
1100 1344 1196 1408 timor
1220 1345 1318 1411 animi

249 1447 325 1513 satis
350 1448 536 1513 muniverat.
562 1448 644 1512 Nam
674 1447 844 1537 plerosque
871 1449 1003 1532 jacula,
1034 1452 1233 1515 tormentis·
1262 1464 1319 1517 aut

236 1564 347 1620 'manu
372 1555 504 1636 emissa,
519 1554 746 1635 vulnerabant,
761 1554 895 1645 parique
917 1557 1080 1646 periculo,
1102 1557 1156 1622 sed
1171 1557 1254 1623 fama
1269 1559 1318 1624 in-

250 1663 339 1753 pari,
362 1663 439 1727 boni
463 1676 558 1751 atque
582 1662 689 1751 ignavi
714 1677 812 1727 erant.
1046 1675 1049 1679 ’

296 1770 404 1835 LXII.
429 1771 519 1834 Dum
543 1770 629 1860 apud
654 1771 785 1835 Zamam
806 1771 852 1837 sic
868 1784 1023 1852 certatur,
1038 1771 1199 1861 Iugurtha
1215 1796 1252 1838 ex
1267 1775 1315 1838 in·

250 1879 379 1972 proviso
395 1893 497 1944 castra
512 1879 653 1944 hostium
668 1902 742 1945 cum
757 1902 871 1968 magna
886 1901 983 1945 manu
998 1879 1137 1961 invadit,
1160 1881 1317 1964 remissis,

251 1988 315 2078 qui’
332 1984 365 2049 in
389 1985 547 2075 praesidio
570 2002 676 2068 erant,
693 2001 724 2051 et
739 1987 845 2050 omnia
869 1986 992 2075 magis,
1016 2007 1111 2075 qnam
1134 1988 1317 2075 proelium,

250 2095 520 2186 exspectantibus,
548 2107 673 2183 portam
704 2095 860 2183 inrumpit
882 2090 900 2156 ³.
925 2093 970 2158 At
999 2093 1124 2175 nostri,
1147 2097 1316 2186 repentino

249 2210 337 2269 metu
360 2202 519 2292 perculsi,
543 2201 604 2264 sibi
628 2200 764 2288 quisque
786 2222 845 2289 pro
867 2199 1011 2264 moribus
1035 2201 1235 2266 consulunt:
1259 2202 1318 2289 alii

249 2311 377 2401 fugere,
400 2311 455 2374 alii
479 2331 565 2373 arma
588 2330 724 2396 capere:
748 2329 862 2394 magna
891 2329 964 2395 pars
992 2307 1150 2372 vulnerati
1180 2323 1235 2373 aut
1262 2330 1316 2374 oe-

251 2417 319 2486 cisi.
345 2417 494 2482 Ceterum
525 2438 562 2481 ex
593 2415 680 2480 omni
704 2411 907 2478 multitudine
931 2436 995 2477 non
1020 2415 1156 2504 amplius
1181 2414 1316 2504 quadra·

249 2527 354 2616 ginta,
369 2545 523 2589 memores
538 2523 677 2586 nominis
693 2520 848 2602 Romani,
863 2544 956 2611 grege
970 2519 1054 2586 facto
1073 2521 1180 2587 Iocum
1202 2545 1314 2613 cepere

250 2633 379 2720 paullo,
403 2652 499 2720 quam
523 2629 590 2710 alii,
614 2629 792 2706 editiorem;
815 2616 918 2718 neque
940 2627 1015 2692 inde
1038 2650 1184 2694 maxuma
1205 2631 1239 2696 vi
1262 2629 1315 2694 de·

251 2739 328 2827 pelli
343 2738 534 2825 quiverunt3
550 2736 605 2800 sed
627 2736 689 2800 tela
713 2735 836 2799 eminus
852 2735 948 2800 missa
963 2735 1141 2817 remittere,
1160 2735 1256 2826 pauci
1278 2736 1313 2799 in

250 2844 397 2935 pluribus
420 2843 526 2907 minus
549 2837 735 2906 frustratil:
756 2842 805 2906 sin
828 2841 986 2906 Numidae
1008 2842 1141 2932 propius
1165 2841 1313 2906 accessis-

251 2965 339 3032 sent,
361 2951 407 3014 ibi
429 2972 504 3015 vero
528 2947 676 3022 virtutem
702 2948 866 3014 ostendere
890 2962 920 3013 et
943 2971 997 3013 eos
1020 2968 1166 3011 maxuma
1189 2948 1222 3013 vi
1245 2971 1313 3013 cae-

250 3060 343 3139 dere,
358 3054 491 3122 fundere
515 3070 609 3145 atque
628 3054 745 3144 fugare.
776 3054 909 3119 Interim
931 3052 1099 3132 Metellus,
1123 3075 1197 3118 cum
1226 3078 1313 3119 acer-

250 3191 341 3232 rume
355 3189 423 3230 rem
438 3179 575 3254 gereret,
599 3164 768 3228 clamorem
783 3174 815 3225 et
828 3159 1002 3224 tumultum
1016 3157 1163 3224 hostilem
1185 3185 1204 3226 a
1224 3176 1312 3252 tergo

251 3274 396 3363 accepit:
420 3273 551 3354 deinde,
567 3294 719 3338 converso
743 3292 845 3358 equo,
861 3265 1081 3334 animadvertit
1102 3266 1210 3357 sugam
1226 3270 1265 3333 ad
1281 3295 1314 3336 se

251 3403 381 3453 vorsum
397 3379 466 3444 fieri
480 3408 487 3445 z
508 3403 653 3470 quaeres
667 3376 827 3441 indicabat
838 3374 1003 3465 popularis
1017 3399 1093 3442 esse.
1108 3376 1209 3465 Igitur
1225 3379 1310 3466 equi·

250 3504 353 3556 tatum
377 3511 503 3554 omnem
527 3487 567 3551 ad
591 3501 692 3555 castra
715 3506 850 3574 propere
872 3484 973 3564 misit,
994 3507 1030 3548 ac
1054 3485 1158 3547 statim
1183 3485 1218 3547 Ο.
1244 3485 1312 3546 Ma-

251 3598 337 3664 rium
351 3619 425 3663 cum
440 3584 623 3661 cohortibus
639 3591 810 3675 sociorum,
826 3614 962 3681 eumque
977 3591 1156 3657 lacrumans
1167 3592 1311 3676 perami-

272 3829 284 3865 ι
308 3807 445 3864 Plumbea
456 3829 509 3884 per
519 3807 635 3864 lundam
647 3809 730 3884 jacta.
819 3804 838 3876 4
857 3805 898 3860 Εο
910 3802 1007 3878 quod,
1029 3818 1094 3857 eum
1106 3797 1191 3886 pauci
1201 3812 1312 3871 essent,

274 3902 290 3945 2
311 3883 473 3960 Catapultis
485 3897 512 3940 et
524 3884 643 3952 balistis,
657 3883 765 3959 quibus
800 3883 894 3938 minus
904 3879 1042 3954 patebant
1051 3874 1231 3961 vulnenbns3
1243 3896 1314 3931 con-

251 3966 320 4019 sano
330 3971 358 4014 et
369 3961 484 4034 sagittae
492 3960 687 4024 mittebantur.
801 3972 843 4013 tra
856 3975 925 4013 vero
936 3966 998 4008 tuto
1010 3949 1106 4005 telam
1122 3949 1314 4007 Numidarum

269 4033 287 4094 3
307 4035 422 4093 Portam
433 4049 601 4096 castrorum.
798 4028 1009 4090 multitudinem
1020 4025 1230 4103 jaculabantur.
1300 4062 1304 4076 ,
