2888 4748
241 337 307 414 stt
532 334 570 400 C.
594 336 744 403 CRISPI
768 336 1010 409 smnusrrt

237 486 362 567 andita,
383 484 498 576 populi
512 486 604 553 furor
617 489 820 578 conquievit,
842 491 1024 581 sensimque
1045 485 1156 555 cuncti
1180 482 1300 581 dilapsi

238 611 322 662 mni·

282 704 457 792 Pompejns
480 700 514 766 in
530 700 686 790 Hispania
700 700 742 767 ad
755 707 894 766 Bueeeos
908 701 1110 768 hibernatum
1124 702 1300 786 consessit,

236 810 296 876 nbi
310 810 344 873 in
360 823 481 874 tantam
503 823 633 872 venerat
646 830 754 873 rerum
769 809 928 890 omnium,
946 832 1030 898 quae
1042 809 1178 874 manime
1191 832 1300 875 nsoes-

237 917 340 982 sariae
363 929 458 994 sunt,
479 928 667 1001 egestatem,
689 929 727 979 nt
748 915 789 980 de
811 916 914 980 salute
936 916 1093 980 exmeitns
1112 915 1302 1004 (imperans,

235 1023 279 1089 sd
294 1036 439 1087 senatum
455 1021 634 1109 scripserit⁸
649 1021 847 1110 praedicens,
856 1021 1122 1087 nisifrumeuturn
1135 1036 1169 1086 et
1181 1022 1301 1111 stipen-

234 1129 291 1195 dia
305 1128 462 1207 misisset,
486 1149 520 1191 se
541 1149 579 1191 ex
595 1125 751 1216 Hispania
765 1128 799 1192 in
813 1127 939 1192 ltaliam
953 1151 1028 1192 cnm
1042 1128 1183 1193 exercitu
1196 1141 1300 1192 transa

236 1256 430 1327 gressurum
448 1233 606 1297 Consules
620 1234 711 1298 enixe
727 1257 856 1323 operam
870 1233 963 1315 dant,
976 1248 1014 1298 nt
1027 1235 1153 1300 mutati
1165 1234 1202 1298 iu
1214 1233 1298 1300 urbs

234 1341 442 1435 prospiciant
459 1340 670 1405 Frumentum
684 1342 824 1429 gratuito
839 1355 895 1405 ant
909 1364 1008 1429 parvo
1029 1341 1154 1430 pretio,
1175 1341 1300 1405 amado

128 1520 132 1529 ,
234 1448 454 1524 subveniente,
467 1445 587 1510 viritim
601 1447 723 1535 populo
746 1446 968 1536 dispertitum
983 1448 1138 1536 Pompeio
1159 1447 1301 1537 poeuniu

199 1548 204 1558 ’
234 1554 404 1642 confestim
425 1553 523 1616 missa
545 1566 613 1628 est;
634 1552 796 1616 ferebatur
818 1553 904 1616 euim
928 1553 1090 1618 Sertorius
1111 1577 1240 1642 qnoque
1261 1553 1299 1618 in

234 1662 363 1728 ltaliam
378 1658 524 1748 cogitare.
541 1657 585 1722 At
599 1680 675 1723 vero
690 1657 765 1723 licet
778 1659 826 1723 rei
840 1659 1204 1749 frumentariae-iuopia,
1222 1682 1299 1725 con·

235 1767 362 1836 sulibus
375 1765 543 1854 diligenter
556 1765 756 1846 curantibus,
768 1765 804 1828 in
819 1765 900 1829 urbe
912 1767 1082 1831 imminuta
1096 1781 1190 1846 esset,
1203 1767 1297 1856 plebs

196 1866 201 1881 ’
234 1888 341 1942 tamen
363 1895 429 1937 non
452 1870 582 1935 omniuo
606 1870 747 1960 quievit3
770 1871 1028 1961 quandoquidem
1041 1873 1200 1942 malorum
1223 1897 1300 1938 sno

232 2004 308 2048 rum
332 1980 461 2069 culpam
482 1978 517 2041 iu
540 1977 625 2067 leges
642 1977 809 2043 Cornelias
831 1977 1033 2060 conferebat,
1057 1979 1175 2067 quibus
1198 1980 1300 2044 tribu-

234 2088 315 2153 uitia
336 2100 494 2177 potestas,
515 2084 670 2150 libertatis
693 2084 807 2151 vindex
839 2085 1006 2174 plebisque
1037 2085 1141 2165 salus,
1170 2081 1299 2169 juribus

235 2194 385 2261 omnibus
414 2205 509 2257 exuta
536 2190 651 2256 fuerat.
681 2191 744 2254 llla
772 2190 938 2278 equidem,
966 2207 1094 2257 mortuo
1122 2191 1300 2274 dictatore,

233 2323 360 2367 summa
382 2322 444 2389 ope
466 2296 642 2378 nitebatur,
671 2301 711 2362 'ut
740 2296 917 2361 tribunatui
946 2298 1082 2386 pristina
1111 2298 1161 2364 vis
1190 2313 1299 2364 aueto-
1336 2306 1340 2313 '

233 2408 376 2495 ritusque
397 2404 591 2469 redderetur.
616 2403 870 2470 Post'devietum
886 2403 1065 2493 Lepidum,
1087 2403 1121 2468 iu
1144 2429 1209 2492 qno
1223 2405 1303 2495 spes'
1336 2412 1339 2416 ’

232 2536 309 2580 suas
331 2510 423 2578 initio
447 2511 669 2592 collocaverat,
686 2509 787 2575 Bruto
810 2525 841 2575 et
856 2510 1018 2576 Mamerco
1034 2510 1235 2591 consulibus,
1249 2534 1298 2576 se·
1335 2510 1339 2515 ’

232 2619 370 2685 ditiones
385 2620 419 2681 iu
435 2617 557 2707 populo
573 2617 651 2681 oriri
666 2631 857 2707 coeperunt,
873 2641 953 2707 quas
970 2618 1104 2682 Catulus
1120 2617 1298 2683 constantis

234 2748 294 2790 sua
316 2724 469 2789 restinxit
493 2723 579 2788 Dein
602 2746 704 2812 quum
727 2723 918 2790 tribuniciae
937 2725 1101 2814 potestatis
1118 2739 1225 2814 partes
1242 2746 1297 2789 ve·

231 2829 375 2895 bomenti
398 2827 498 2892 animi
513 2829 627 2894 ardore
642 2829 835 2920 suscepisset
850 2829 991 2896 Sicinius
1006 2830 1170 2910 tribunus,
1189 2829 1297 2919 quise

230 2936 397 3025 exprimo
413 2934 543 3000 tribuno
558 2958 653 3024 quem
668 2936 808 3026 populus
824 2937 858 2999 in
875 2938 985 3002 Monte
1002 2936 1100 3001 Sacro
1116 2937 1193 3001 olim
1208 2959 1295 3001 crea-

231 3058 339 3124 verat,
364 3056 469 3108 ortum
491 3043 665 3127 jactitaret,
687 3065 708 3108 a
724 3042 866 3109 Curione
883 3044 1024 3110 Consule
1046 3066 1084 3111 ex
1099 3043 1294 3109 insiditsest

230 3147 401 3240 peremtus.
1180 3138 1182 3143 ⁵
1329 3150 1333 3155 ’

277 3257 345 3322 Lex
371 3257 519 3323 Cornelia
542 3256 582 3323 de
597 3257 760 3325 tribunatu
780 3257 898 3325 nedum
920 3257 986 3325 fere
1006 3282 1132 3325 omnem
1154 3257 1299 3325 tribunis
1332 3264 1336 3269 ’

228 3364 452 3433 auctoritatem
481 3365 661 3446 ademerat,
685 3366 741 3431 sed
770 3366 906 3447 ferebat,
929 3389 970 3432 ne
1000 3358 1091 3455 uuis,
1118 3368 1182 3433 nisi
1205 3388 1297 3431 sena·

229 3484 303 3552 tor,
332 3493 401 3536 esse
433 3471 580 3538 tribunus
609 3486 735 3561 posset,
756 3494 836 3538 neve
864 3473 921 3553 iis,
953 3474 1009 3563 qui
1039 3473 1160 3538 tribuni
1190 3472 1297 3562 plebis

228 3577 384 3660 fuissent,
413 3578 493 3645 alios
524 3592 634 3669 postea
662 3577 863 3666 magistratus
893 3602 1007 3670 capere
1035 3580 1153 3646 liceret
1179 3580 1298 3667 anue

229 3683 270 3750 tle
293 3709 328 3750 re
352 3684 445 3750 modo
470 3699 559 3766 astu,
588 3686 683 3750 modo
705 3686 757 3767 vi,
793 3700 920 3752 senatus
948 3687 1031 3752 nihil
1059 3686 1205 3754 innovari
1236 3708 1294 3774 pa·

230 3789 386 3874 tiebatur,
407 3807 476 3857 tum
499 3792 585 3882 quod
606 3792 732 3882 plebem
754 3791 882 3875 oderat,
905 3808 976 3862 tum
997 3794 1085 3884 quod
1107 3794 1227 3862 fontem
1255 3792 1294 3856 il·

250 4013 336 4097 rEp.
357 4015 413 4082 Gn.
433 4016 562 4104 Pompeji
580 4017 617 4077 ad
643 4019 733 4083 seua·
772 4033 852 4095 tum,
870 4040 936 4099 pag.
960 4016 1022 4100 205,
1123 3979 1126 3983 ⁴
