2888 4748
253 333 297 397 9⁰
541 305 578 369 C.
604 303 753 369 CRISPI
778 301 1020 369 SALLUSTII
1083 334 1089 343 ·

249 455 330 517 tium
351 477 419 519 sese
439 453 656 539 prohibuerit:
676 470 834 542 postremo
846 503 856 532 ,
876 453 917 516 de
941 449 1087 518 omnibus
1109 450 1205 518 rebus
1229 456 1316 544 lega·

249 577 297 625 tos
333 564 464 625 Romam
502 561 588 626 hreri
624 542 803 627 missurum.
834 559 884 626 tta
913 561 1042 650 utrique
1080 560 1315 650 digrediuntur.

249 666 433 733 Atherbalis
455 668 636 758 adpellandi
659 673 669 698 ¹
692 670 785 760 copia
807 691 869 733 non
892 666 962 733 fuit
985 667 1148 756 Jugurtha
1174 670 1232 735 ubi
1259 695 1318 741 eos

247 773 359 839 Africa
375 773 546 841 decessisse
561 790 649 842 ratus
665 791 723 856 est,
737 798 841 866 neque
855 789 986 866 propter
1000 791 1148 841 naturam
1162 777 1227 842 loci
1244 778 1316 844 Cir·

247 896 313 947 tam
336 882 432 946 armis
460 905 640 974 expugnare
661 898 789 972 potest:
812 883 896 950 vallo
925 897 1020 972 atque
1049 882 1135 948 fossa
1156 885 1168 909 ⁸
1187 885 1316 953 moenis

246 987 442 1054 circumdat:
452 1004 561 1055 turres
577 991 725 1071 exstruit,
741 1015 858 1082 easque
872 990 1039 1080 praesidiis
1054 987 1177 1056 firmat:
1191 1006 1316 1082 praete·

246 1120 302 1167 rea
325 1097 393 1161 dies
415 1111 588 1188 noctesque
613 1112 669 1162 aut
687 1122 745 1189 per
769 1099 850 1177 vim,
866 1111 922 1163 aut
943 1096 1026 1162 dolis
1047 1111 1188 1163 tentore:
1208 1098 1316 1164 defen-

247 1204 373 1271 soribus
388 1205 551 1268 moenium
565 1205 706 1294 praemia
721 1206 836 1285 modo,
850 1203 945 1269 modo
960 1204 1162 1271 formidinem
1176 1220 1315 1287 ostenta·

247 1335 301 1407 re:
323 1334 397 1377 suos
420 1310 576 1377 hortando
601 1312 641 1377 ad
660 1314 815 1379 virtutem.
834 1313 970 1401 arrigere
991 1336 1151 1402 :prorsus
1174 1313 1315 1381 intentus

247 1433 363 1485 cuncta
384 1442 505 1508 parare.
534 1419 690 1486 Atherbal
712 1421 769 1485 ubi
791 1420 947 1509 intellegit
963 1420 1065 1485 omnis
1081 1441 1157 1485 suas
1172 1419 1317 1485 fortunas

246 1527 281 1591 in
297 1540 434 1591 extremo
448 1528 545 1606 sitas,
559 1527 683 1591 bostem
697 1525 867 1607 infestum,
883 1527 993 1591 auxilii
1010 1551 1099 1616 spem
1114 1527 1248 1606 nullam,
1261 1550 1318 1616 pe·

247 1634 341 1699 nuria
362 1656 469 1698 rerum
488 1633 739 1698 necessariarum
753 1634 874 1698 bellum
890 1634 973 1698 mahi
989 1657 1053 1699 non
1068 1656 1163 1724 posse
1175 1661 1185 1711 3
1199 1633 1317 1713 exiis,

247 1741 305 1831 qui
319 1763 386 1805 una
401 1740 522 1805 Cirtam
536 1740 760 1830 profugerant,
775 1741 856 1805 duos
871 1764 1017 1806 maxume
1032 1741 1175 1829 inpigros
1189 1739 1318 1829 delegit3

247 1870 321 1928 eos,
336 1849 437 1912 multa
455 1847 636 1936 pollicendo
665 1871 703 1912 ac
731 1848 910 1912 miserando
934 1870 1044 1913 casum
1068 1870 1182 1926 suum,
1203 1845 1317 1912 confir·

248 1970 324 2034 mat,
340 1956 387 2019 uti
402 1979 459 2044 per
473 1955 614 2020 bostium
629 1955 823 2031 munitiones
839 1969 937 2020 noctu
953 1954 993 2019 ad
1007 1977 1199 2044 proxumum
1213 1976 1317 2033 mare,

215 2048 217 2052 ’
249 2061 323 2126 dein
346 2062 481 2127 Romam
504 2076 679 2150 pergerent
696 2061 853 2126 Numidae
876 2062 987 2152 paucis
1009 2062 1122 2126 diebus
1140 2065 1227 2145 jussa
1248 2058 1317 2125 effi-

248 2169 357 2234 ciunt:
372 2171 495 2233 litterae
511 2169 694 2234 Atherbalis
709 2169 744 2232 in
760 2183 872 2232 senatu
895 2170 1063 2250 recitatae,
1086 2190 1224 2257 quarum
1247 2160 1316 2232 sen·

248 2277 346 2344 tentia
361 2277 440 2341 baec
454 2275 524 2340 fuit.

294 2383 424 2452 XXVI.
448 2388 519 2449 Non
543 2408 614 2449 mea
641 2384 738 2470 culpa
767 2408 862 2470 saepe
894 2383 939 2446 ad
969 2408 1019 2447 ros
1049 2399 1172 2447 oratum
1203 2384 1315 2460 mitto,

248 2498 284 2558 P.
305 2499 359 2572 C.,
380 2493 438 2557 sed
461 2495 503 2555 ris
527 2493 702 2577 Iugurthae
725 2491 870 2576 subigit:
893 2515 986 2577 quem
1010 2506 1100 2554 tanta
1125 2489 1234 2555 lubido
1258 2514 1316 2554 ear·

248 2600 429 2685 stinguendi
452 2623 501 2663 me
525 2601 660 2678 invasit,
684 2615 845 2684 utaequa
870 2623 920 2662 ras
933 2648 942 2677 ,
965 2623 1068 2684 neque
1092 2604 1175 2676 Deos
1200 2600 1316 2661 inmor-

248 2706 323 2768 talis
347 2708 381 2768 in
404 2708 511 2769 animo
536 2706 673 2784 habeat3
695 2709 880 2792 sanguinem
912 2731 1037 2784 meum,
1060 2731 1156 2791 quam
1188 2706 1315 2781 amaia,

248 2812 348 2875 malit.
365 2816 478 2897 Itaque
499 2817 662 2899 quinctum
681 2818 752 2898 jam
775 2839 914 2878 mensem
937 2815 1041 2876 socius
1064 2829 1096 2877 ct
1118 2814 1239 2876 amicus
1258 2834 1316 2894 po·

247 2919 320 3007 puli
342 2922 476 2983 Romani
498 2923 595 2983 armis
620 2920 762 2985 obsessus
785 2938 917 2987 teneor:
940 2947 1043 3007 neque
1065 2920 1145 2983 mibi
1159 2918 1316 3002 Micipsae

247 3030 349 3115 putris
372 3030 435 3092 mei
458 3027 630 3112 beneficio,
660 3053 762 3114 neque
794 3046 897 3094 vestro
925 3030 1055 3093 decreta
1085 3026 1318 3091 auxiliantur:

238 3137 332 3221 serra
344 3186 355 3215 ,
376 3161 419 3200 an
440 3139 533 3221 fame
567 3138 673 3200 acrius
705 3161 840 3224 urgear,
863 3140 1001 3202 incertus
1033 3159 1113 3198 sum.
1146 3133 1248 3197 Plura
1278 3131 1318 3195 dc

250 3243 406 3326 iugurtha
428 3244 565 3311 scribere
589 3245 773 3310 dehortatur
783 3247 918 3328 fortuna
934 3270 1005 3309 meu
1019 3270 1027 3306 :
1042 3245 1139 3307 etium
1164 3257 1238 3304 ante
1263 3264 1321 3302 ea·

248 3364 356 3436 pertus
380 3375 470 3429 sum,
497 3377 612 3437 parum
628 3340 712 3436 fidei
735 3356 859 3419 miseris
882 3378 958 3417 esse.
984 3354 1054 3417 Nisi
1077 3349 1209 3414 'tamen
1226 3346 1320 3411 intel·

252 3456 320 3544 lego
343 3456 458 3534 illum,
488 3482 584 3543 supra
616 3485 712 3546 quam
743 3485 798 3548 ego
830 3486 921 3540 sum,
942 3476 1072 3547 petere,
1096 3481 1199 3543 neque
1223 3451 1320 3518 simul

275 3659 285 3692 1
307 3637 491 3716 Alloquendi
500 3663 506 3694 ι
528 3636 595 3694 dolo
605 3639 765 3715 Jugurthae
804 3653 852 3698 tur
864 3641 1034 3698 obsidentes.

252 3715 357 3769 factum
371 3729 422 3785 est,
439 3736 475 3771 ne
485 3713 670 3771 Atherbalem
681 3716 765 3794 legati
821 3719 838 3774 3
859 3721 927 3774 Nisi
934 3739 989 3794 pro
1002 3717 1064 3775 scd.
1083 3715 1188 3772 Sensus
1199 3711 1246 3768 hic
1257 3719 1319 3764 est:

253 3789 474 3864 ⁸fl⁰querentun
801 3795 951 3869 Iugurtha
967 3798 1062 3868 magis
1085 3788 1204 3868 aliquid
1223 3790 1321 3862 petit,

273 3884 288 3920 2
308 3867 424 3923 Vallum
435 3881 521 3944 atque
530 3867 601 3924 fossa
611 3869 640 3922 in
650 3867 762 3924 diutur·
801 3891 891 3947 quam
902 3891 1025 3944 regnum
1034 3888 1145 3924 meum:
1165 3883 1226 3920 non
1234 3867 1320 3935 igno·

251 3962 288 3996 na
315 3943 460 3999 obsidione
482 3943 628 4012 adhibita,
657 3965 693 4000 ne
724 3945 761 3999 ab
798 3957 859 4010 rat,
872 3966 991 4000 camma
1000 3949 1113 4001 socium
1127 3951 1253 3998 vestrum
1266 3958 1322 4012 op-

251 4019 465 4093 erumpentibus
481 4019 616 4080 damnum
626 4034 759 4100 pateren·
794 4018 1322 4099 pugnet,irrimr'curnsesatisfactam.
