2888 4748
240 346 284 424 ot
532 350 569 417 G.
596 346 744 418 natael
770 338 1012 419 stuuosrtt

237 501 344 569 alieno
360 498 477 566 scelere
499 513 531 567 et
549 500 682 590 flagitio,
698 527 756 568 sua
772 504 863 594 quasi
878 526 940 592 pro
952 500 1071 591 gloria,
1086 497 1271 570 nitebantur
1284 514 1316 571 ¹:-

239 606 407 675 decontra
428 608 544 698 pauci,
560 610 678 698 quibus
699 610 820 676 bouum
843 625 874 675 et
896 632 1035 698 aequum
1057 607 1178 675 divitiis
1195 611 1308 678 carius

238 729 324 796 erat,
340 715 600 781 subveniundum
609 715 787 798 Atherbali,
802 732 833 781 et
841 715 1034 806 Hiempsalis
1049 730 1183 781 mortem
1197 741 1307 784 emere

236 822 462 918 vindicandam
477 823 655 890 censebant
678 823 742 888 Sed
757 847 795 890 ex
810 823 958 889 omnibus
973 846 1120 890 maxume
1135 823 1308 892 AEmitiuu

239 931 381 1004 Scaurus
396 935 426 1012 ¹,
441 931 537 996 homo
558 930 694 1011 nobilis,
710 931 851 1021 inpiger,
865 930 1038 1011 factiosus,
1061 930 1173 998 avidus
1195 946 1322 1024 poten·'

237 1039 316 1120 tiae,
331 1039 481 1119 honoris,
497 1038 701 1113 divitiarum
722 1054 863 1105 ceterum
885 1039 963 1105 vitia
985 1062 1044 1104 sua
1065 1038 1178 1106 collide
1199 1039 1306 1105 occul·

236 1165 317 1217 tans.
335 1147 367 1211 ls
382 1161 552 1236 postquam
565 1145 654 1212 ‘videt
675 1146 759 1236 regis
780 1146 981 1236 largitionem
1005 1143 1160 1215 famosam
1179 1145 1305 1236 finpa-

237 1257 441 1344 dentemque,
449 1253 581 1333 veritus,
592 1252 679 1343 quod
693 1253 728 1318 in
744 1254 800 1320 tali
814 1277 850 1320 re
865 1254 956 1334 solet,
964 1277 1004 1319 ue
1018 1253 1142 1342 polluta
1156 1249 1308 1319 licentia‘

236 1363 392 1432 insidiam
408 1361 605 1443 accenderet,
620 1362 763 1428 animum
779 1385 798 1427 a
811 1376 964 1428 consueta
979 1360 1123 1427 lubidine
1137 1360 1305 1429 continuit

284 1471 382 1539 xlx.
406 1470 496 1538 Vicit
518 1484 625 1535 tamen
639 1468 674 1535 in
690 1484 802 1535 senatu
818 1493 892 1558 pars
908 1468 963 1533 illa
978 1490 1152 1557 quaerero
1165 1467 1308 1558 pretium

239 1593 296 1645 aut
310 1579 445 1668 gratiam
459 1577 660 1651 anteferebat
673 1577 850 1647 Decretum
864 1574 919 1656 fit,
940 1579 989 1640 uti
1008 1575 1116 1641 decem
1140 1575 1249 1663 legati·
1258 1597 1306 1639 re-

235 1710 334 1772 gnum
346 1735 356 1764 ,
378 1685 464 1771 quod
478 1687 616 1772 Micipsa
631 1684 834 1764 obtinuerat,
847 1687 932 1749 inter
946 1682 1134 1770 Iugurtham
1149 1699 1182 1749 et
1196 1682 1307 1747 Ather-

240 1792 347 1864 balem,
362 1792 546 1866 dividerent.
557 1791 660 1876 Cujus
675 1792 842 1881 legationis
857 1792 1008 1881 princeps
1024 1791 1086 1856 fuit
1097 1791 1134 1856 b.
1146 1789 1309 1880 Opimius,

240 1898 338 1993 bomo
353 1899 517 1980 clarus‚‚et
534 1915 601 1968 turn
616 1900 650 1964 in
667 1915 777 1966 senatu
793 1914 918 1990 potens,
933 1899 1009 1989 quia
1024 1897 1148 1978 consul,
1160 1897 1196 1961 G.
1207 1897 1306 1963 Grac·

186 2047 189 2052 -
240 2005 302 2079 oho
326 2020 357 2071 et
380 2007 424 2070 Μ.
446 2007 562 2079 Fulvio
577 2007 771 2089 interfectis,
786 2029 950 2074 acerrume
972 2006 1137 2077 victoriam
1160 2002 1306 2069 nobilita·

240 2114 281 2180 tis
296 2123 308 2160 ¹
321 2114 355 2177 in
378 2115 505 2202 plebem
528 2130 717 2180 exercuerat.
736 2116 820 2186 Eum
843 2115 1024 2206 Jugurtba,
1038 2113 1164 2180 tametsi
1186 2112 1307 2179 Romae

196 2290 198 2295 ,
239 2220 274 2308 jn
291 2220 401 2286 amicis
417 2221 589 2304 habuerat,
610 2237 715 2296 tamen
736 2224 973 2289 accuratissime
995 2221 1133 2311 recepit:
1149 2218 1254 2285 dando
1265 2229 1308 2282 ¹et

239 2327 441 2418 pollicendo,
456 2330 556 2399 multa
572 2328 725 2418 perfecit,
748 2331 796 2394 uti
818 2330 916 2410 fama,
932 2329 1012 2411 fide,
1027 2344 1185 2421 postremo
1205 2323 1305 2389 omui·

239 2436 300 2508 bus
316 2436 383 2507 suis
398 2437 494 2509 rebus
510 2436 713 2513 commodum
728 2441 812 2528 regis
828 2439 1012 2503 anteferret:
1032 2437 1171 2524 reliquos
1185 2433 1305 2521 legatos

167 2590 171 2596 -
239 2543 350 2621 eadem
365 2545 416 2610 via
432 2545 618 2633 adgressus,
633 2545 803 2635 plerosque
827 2547 931 2636 capit:
947 2544 1059 2636 paucis
1082 2542 1185 2609 carior
1205 2538 1306 2618 fides,

240 2673 338 2737 quam
353 2653 490 2738 pecnnia
504 2651 574 2717 fuit
592 2651 630 2716 ln
646 2651 823 2733 divisione,
842 2678 924 2742 quae
939 2677 1013 2742 pars
1030 2649 1199 2716 Numidiae
1215 2647 1307 2713 Mau-

238 2755 389 2821 ritaniam
404 2755 558 2846 adtingit,
582 2782 657 2846 agro
679 2759 820 2848 virisque
837 2759 1036 2849 opulentior,
1050 2760 1071 2824 J
1074 2756 1230 2847 ugurthae.
1244 2767 1309 2816 tra·

239 2863 352 2941 ditur:
375 2862 463 2931 illam
486 2864 632 2945 alteram,
654 2867 778 2955 specie,
801 2889 898 2960 quam
920 2891 1005 2947 usu,
1028 2867 1202 2958 potiorem,
1225 2881 1307 2948 quae

238 2969 423 3060 portuosior
452 2984 483 3035 et
509 2969 662 3049 aedificiis
687 2975 786 3062 magis
803 2988 952 3046 exornata
968 2987 1051 3052 erat,
1068 2967 1307 3055 Atherbal-pos-

239 3077 329 3142 sedit.
346 3078 410 3151 Res
425 3077 586 3167 postulare
603 3078 727 3144 videtur
743 3079 872 3155 Africae
888 3083 983 3154 situm
995 3079 1111 3168 paucis
1130 3097 1307 3166 exponere,

240 3196 272 3251 et
294 3207 346 3253 eas
369 3186 490 3273 gentis,
512 3186 705 3274 quibuscum
729 3191 821 3254 nobis
844 3191 964 3253 bellum
988 3201 1042 3258 out
1065 3184 1204 3254 amicitia
1227 3181 1307 3260 fuit,

236 3289 409 3379 adtingere.
428 3292 492 3358 Sed
507 3317 588 3381 quae
603 3295 673 3360 loca
688 3311 720 3360 et
735 3298 878 3362 nationes
895 3297 936 3361 ob
956 3297 1092 3361 calorem
1111 3307 1166 3359 aut
1189 3289 1306 3379 aspari·

238 3409 356 3478 tatem,
370 3397 447 3464 item
461 3401 651 3472 solitudines
668 3403 774 3473 minus
789 3403 988 3492 frequentata
1003 3416 1095 3481 sunt,
1110 3400 1149 3465 de
1164 3400 1204 3463 iis
1220 3395 1307 3461 haud

262 3614 274 3653 t
297 3593 406 3651 Eodem
422 3597 516 3653 studio
536 3597 627 3655 scelus
646 3599 753 3675 Jugur-
785 3581 789 3586 ⁵
812 3599 831 3671 4
849 3599 976 3655 Nimium
988 3599 1112 3674 cognita,
1121 3598 1158 3653 ita
1169 3606 1202 3651 ut
1212 3591 1309 3670 palam

237 3669 306 3729 lhae
318 3674 572 3742 excusabanuaosi
584 3672 619 3730 de
631 3694 681 3731 sua
693 3675 754 3753 glo·
793 3676 878 3752 legati
890 3674 1022 3748 suffragia
1039 3685 1173 3729 emerent.

241 3747 284 3806 ria
295 3748 424 3822 quaestio
435 3750 540 3808 fuisset.
813 3751 830 3809 5
848 3749 1013 3808 Gracchum
1025 3762 1053 3804 et
1062 3748 1205 3812 Fulvium,
1214 3741 1308 3819 plebis

261 3839 277 3909 ,²
287 3822 383 3954 llunlca
381 3836 408 3879 et
406 3826 589 3954 1prudentem
600 3838 628 3884 et
640 3846 756 3903 gravem
794 3829 918 3884 fautores
929 3840 957 3882 et
968 3825 1104 3892 vindices,
1117 3832 1305 3955 oppresserat:

242 3915 337 3952 varum
385 3920 404 3954 u

243 3971 305 4027 rius
323 3973 470 4036 Maximus.
797 3979 854 4046 lici,
871 3997 1028 4052 eorumque
1041 3972 1163 4053 corpora
1171 3977 1201 4033 in
1213 3972 1317 4051 Tyba«

261 4042 445 4112 dlnlntnetn
588 4073 590 4076 ⁴
658 4084 661 4089 ,
701 4080 706 4088 ·
794 4055 850 4118 rim
861 4053 1102 4133 projioijussernt.
1159 4112 1163 4117 .

425 3914 475 3959 aut
495 3903 598 3962 Cicero
619 3916 648 3962 et
669 3901 755 3967 Vale·
794 3918 822 3960 et
841 3903 893 3958 tria
914 3901 1094 3978 plebejorum
1111 3900 1149 3955 mi
1173 3899 1196 3952 ia
1213 3896 1307 3956 inter·
