2888 4748
418 344 607 413 seusun
630 292 981 414 rueuarnrnuu'
1182 355 1226 440 95

89 496 93 504 ’
153 501 303 593 triginta,
317 520 416 592 pecus
442 515 537 590 atque
560 501 635 590 equi
654 500 766 583 multi,
781 525 855 566 cum
878 524 977 592 parvo
1003 500 1124 591 argenti
1145 527 1224 593 pon·

154 611 247 690 dere,
270 608 430 699 quaestori
445 608 622 681 traduntur.
641 610 837 700 Calpurnius
853 611 989 675 Romam
1005 595 1045 674 ad
1060 592 1223 700 magistra·

153 731 204 783 tus
228 716 385 807 rogandos
408 715 646 808 proficiscitur:
670 719 705 783 in
727 718 880 784 Numidia
900 735 932 785 et
952 719 1092 784 exercitu
1114 735 1224 786 nostro

153 850 216 917 pax
231 826 419 915 agitabatur.

198 933 350 1000 XXXII.
376 933 550 1021 Postquam
573 957 623 999 res
647 935 681 998 in
699 925 810 999 Africa
833 949 956 1024 gestas,
980 933 1223 1024 quoquomodo

148 1056 238 1107 actae
260 1042 383 1121 forent,
398 1041 482 1104 sarna
505 1041 700 1130 divulgarit;
724 1043 845 1106 Romae
869 1050 926 1132 per
950 1042 1054 1106 omnis
1077 1041 1165 1106 locos
1190 1054 1222 1106 et

148 1163 325 1215 conventus
356 1147 396 1211 de
426 1146 510 1212 facto
540 1150 682 1213 consulis
707 1149 839 1237 agitari,
861 1147 947 1238 apud
969 1149 1095 1239 plebem
1118 1149 1223 1238 gr'avis

147 1254 303 1323 invidia:
337 1255 448 1319 Patres
472 1253 589 1319 soliciti
613 1271 728 1333 erant;
752 1256 964 1345 probarentne
987 1269 1112 1321 tantum
1136 1255 1223 1346 flagi·

147 1365 248 1443 tium,
272 1385 313 1426 au
337 1361 501 1426 decretum
525 1362 666 1427 consulis
691 1363 930 1443 subverterent,
960 1386 1075 1452 parum
1099 1368 1224 1430 consta·

146 1470 210 1540 bat.
222 1468 271 1535 Ac
287 1478 433 1535 maxume
448 1493 501 1534 eos
515 1470 657 1560 potentia
668 1470 793 1550 Scauri,
802 1471 889 1560 quod
904 1470 931 1536 is
948 1485 1059 1535 auctor
1070 1485 1101 1536 et
1116 1472 1224 1537 socius

147 1577 275 1644 Reatino
289 1578 468 1658 ferebatur,
481 1597 502 1641 'a
524 1602 599 1646 vero
621 1578 770 1667 bonoque
790 1579 990 1668 impediebat.
1009 1579 1053 1644 At
1070 1578 1105 1643 C.
1124 1579 1223 1644 Mem·
1280 1644 1283 1653 ,

146 1687 242 1767 mius,
258 1691 352 1772 eujus
368 1687 407 1752 de
422 1686 567 1751 libertate
583 1686 704 1774 ingenii
727 1701 759 1751 et
782 1687 855 1752 odio
871 1688 1032 1776 potentiae
1048 1686 1223 1752 nobilitatis

148 1817 246 1883 supra
262 1795 419 1872 diximus,
442 1793 526 1857 inter
541 1793 771 1858 dubitationem
787 1809 818 1857 et
834 1817 938 1858 moras
955 1792 1074 1872 senati,
1097 1794 1229 1859 concio*

148 1902 243 1967 nibus
266 1902 425 1991 populum
442 1901 482 1964 ad
497 1887 733 1967 vindicandum
745 1900 886 1964 hortari:
906 1922 1053 1980 monere,
1071 1922 1111 1964 ne
1127 1901 1221 1966 Rem·

106 2037 109 2044 ·
146 2008 330 2095 publicam,
354 2032 394 2072 ne
418 2009 595 2072 libertatern
619 2029 708 2070 suam
733 2007 935 2071 desererent:
961 2007 1061 2071 multa
1085 2008 1223 2096 superba

147 2127 179 2176 et
204 2114 348 2177 crudelia
371 2113 513 2178 facinora
538 2113 711 2178 nobilitatis
732 2114 914 2178 ostendere:
930 2137 1061 2204 prorsus
1078 2115 1224 2180 intentus

79 2211 84 2220 ’
147 2221 234 2282 omni
250 2220 344 2284 modo
360 2221 463 2311 plebis
480 2223 622 2286 animum
637 2221 838 2286 accendebat.
851 2221 915 2285 Sed
923 2221 1075 2310 quoniam
1092 2245 1129 2285 ea
1144 2236 1221 2286 tem-

147 2341 271 2417 pestate
295 2328 415 2393 Romae
440 2329 584 2396 Memmii
615 2328 763 2394 facundia
788 2329 874 2392 clara
911 2328 1101 2417 pollensque
1133 2326 1222 2407 fuit,

147 2433 260 2499 decere
277 2437 482 2516 existumavi,
500 2459 596 2500 unam
612 2458 648 2499 ex
664 2450 728 2499 tam
744 2435 851 2499 multis
869 2434 1044 2498 orationem
1061 2436 1130 2516 ejus
1150 2456 1221 2522 per·

148 2541 306 2605 scribere:
330 2565 366 2605 ac
382 2544 583 2632 potissimum
607 2565 644 2606 ea
666 2542 790 2622 dicam,
815 2564 896 2630 quae
919 2541 953 2605 in
978 2542 1134 2607 concione
1147 2556 1221 2631 post

149 2645 288 2710 reditum
312 2649 435 2714 Bestiae
459 2648 680 2735 hujuscemodi
703 2649 808 2717 verbis
832 2649 989 2714 disseruit
1020 2647 1023 2653 ’

194 2754 363 2821 ΧΧΧΙΙΙ.
388 2759 494 2823 Multo
518 2786 566 2824 me
590 2759 797 2823 dehortantur
814 2777 822 2802 ¹
837 2783 858 2821 a
874 2757 958 2821 votis
969 2807 979 2837 ,
1004 2759 1163 2839 Quirites,
1184 2761 1220 2822 nt'

147 2861 288 2926 studium
304 2866 509 2951 Reipublicae
535 2870 641 2932 amnia
663 2881 809 2952 superet,
834 2877 907 2952 opes
921 2867 1098 2950 sectionis,
1118 2882 1220 2930 restra

144 2972 324 3054 patientia,
342 2975 397 3056 jus
413 2973 557 3052 nullum,-
577 3001 614 3038 ac
632 2999 801 3051 maxume,
826 2973 912 3059 quod
927 2975 1128 3037 innocentiae
1142 2975 1218 3058 plus

144 3080 303 3161 periculi,
327 3105 422 3166 quam
446 3082 573 3145 honoris
598 3099 652 3147 est.
677 3087 757 3148 Nom
783 3081 842 3145 illa
867 3081 997 3166 quidem
1019 3082 1108 3166 piget
1131 3080 1217 3144 dice-

144 3206 201 3263 re,
223 3185 270 3247 bis
286 3191 379 3250 annis
395 3190 576 3274 quindecim
591 3196 603 3220 ⁸
617 3215 711 3276 quam
736 3189 874 3252 ludibrio
888 3190 1022 3272 fueritis
1046 3188 1216 3273 superbius

142 3314 344 3374 paucorum3
375 3320 470 3380 quarn
492 3297 592 3381 foede
625 3323 782 3382 quamque
815 3296 914 3360 inulti
942 3299 1099 3380 perierint
1122 3299 1216 3359 vestri

143 3397 323 3482 defensores
333 3427 343 3478 ,·
366 3418 401 3464 ut
415 3404 499 3467 vobis
515 3408 639 3475 animus
663 3404 703 3467 ab
728 3406 852 3488 ignavia
874 3420 970 3489 utque
986 3403 1131 3467 socordio
1147 3429 1213 3467 cor·
1289 3453 1292 3465 ,

102 3554 103 3559 1
143 3522 255 3592 ruptus
279 3510 333 3586 sit,¹
352 3511 408 3592 qui
423 3535 461 3574 ne
478 3535 563 3574 nunc
580 3510 721 3597 quidem,
746 3511 893 3575 obnoxiis
909 3513 1047 3576 inimicis
1064 3525 1086 3589 ³,
1102 3493 1212 3576 exsur-

140 3620 214 3708 gitis
225 3666 235 3696 ,
258 3634 354 3705 atque
377 3621 473 3683 etiam
497 3642 582 3681 nune
607 3622 722 3688 timetis
746 3643 798 3682 eos
809 3669 819 3697 ,
834 3621 949 3704 quibus
969 3642 1022 3684 ros
1042 3621 1134 3683 decet
1149 3634 1210 3682 ter-

163 3853 173 3888 r
197 3832 335 3897 Terreat,
354 3849 390 3886 ne
401 3827 593 3888 defensionem
604 3851 653 3889 ve·
693 3849 780 3906 supra
792 3830 910 3886 modum
922 3827 1096 3886 saeviebant.

140 3923 229 3967 stram
243 3907 403 3982 suscipiam.
709 3904 842 3962 31dest:
876 3909 948 3963 Cum
977 3908 1091 3959 inimici
1119 3910 1210 3960 oestro·

160 4005 175 4041 2
197 3987 264 4041 Post
294 3983 491 4040 Gracchorum
520 3984 652 4052 cosdem,
690 3983 794 4038 delicti
812 3985 996 4038 conscientia
1027 3982 1111 4038 vobis
1139 3983 1208 4039 sub-

139 4061 250 4124 nobiles
268 4060 386 4120 victoria
407 4061 471 4119 elati
489 4062 519 4119 in
539 4061 653 4138 plebem
686 4063 762 4133 jecta¹
781 4061 848 4114 sint.
