2888 4748
193 289 258 364 att
535 317 538 321 ’
599 297 821 373 EPISTOLA
846 299 871 364 l.

189 449 260 532 bis,
274 451 421 517 hostibus
437 463 596 516 terrorem.
615 455 705 535 Quae
726 454 834 518 multis
855 451 1017 519 laboribus
1044 466 1075 518 et
1097 450 1253 542 periculis

189 582 393 649 ceperamus,
410 579 446 622 ea
462 558 521 621 tibi
543 560 684 623 nascenti
700 583 774 624 cum
796 560 901 624 anima
924 559 1018 626 simul
1040 560 1252 640 tradidimus,

191 666 326 757 patriam
342 664 509 729 maximam
524 663 558 726 in
574 664 683 745 terris,
706 665 837 731 domum
862 665 1083 754 familiamque·
1098 667 1131 730 iu
1147 666 1254 755 patria

192 772 428 850 clarissumum,
443 785 604 861 praeterea
618 771 718 836 bonas
734 788 833 852 artes,
855 771 1002 838 honestas
1027 773 1170 853 divitias,
1195 797 1253 862 po-

198 895 313 945 stremo
328 877 434 944 omnia
448 877 687 943 honestamenta
700 878 788 966 pacis
813 893 844 944 et
857 880 997 969 praemia
1012 879 1095 944 belli.
1116 879 1179 943 Pro
1200 879 1253 944 hia

114 1050 116 1055 .
197 985 410 1076 amplissumis
424 981 586 1049 beneficiis
602 1008 664 1049 uon
682 983 836 1072 flagitium
852 1010 870 1050 a
886 1001 932 1067 te,
953 1009 1057 1076 neque
1071 985 1191 1051 malum
1206 984 1253 1049 fa·

195 1094 288 1159 cinus
310 1090 466 1180 petimus3
491 1090 545 1157 sed
568 1091 616 1156 uti
638 1091 813 1156 libertatem
837 1090 977 1158 eversam
999 1092 1154 1167 restituas.
1180 1095 1254 1174 Qua

194 1223 229 1264 re
244 1213 380 1289 patrata,
395 1197 535 1288 profecto
551 1220 608 1286 per
623 1212 731 1285 gentes
747 1221 855 1264 omnes
871 1199 954 1263 fama
967 1198 1096 1265 virtutis
1110 1214 1183 1264 tuae
1197 1223 1254 1264 vo-

194 1306 305 1370 litabit
323 1305 465 1392 Namque
481 1302 541 1368 hac
561 1317 766 1393 tempestate,
790 1306 915 1370 tametsi
944 1305 1029 1370 domi
1058 1305 1254 1392 militiaeque

193 1412 355 1502 praeclara
370 1410 510 1475 facinora
525 1411 633 1499 egisti3
648 1426 752 1476 tamen
767 1412 867 1499 gloria
887 1427 941 1478 tua
958 1435 1030 1476 cum
1051 1411 1160 1476 multis
1174 1410 1253 1476 viris

194 1519 330 1583 sortibus
346 1517 486 1606 aequalis
502 1531 568 1581 est:
584 1518 611 1581 si
627 1540 701 1583 vero
717 1518 838 1598 urbem,
855 1519 1060 1607 amplissume
1078 1517 1207 1581 nomine
1223 1530 1255 1580 ct
1361 1536 1365 1542 ’

195 1646 343 1689 maxumo
356 1623 505 1713 imperio,
519 1644 620 1711 prope
635 1624 699 1706 jam
715 1623 754 1686 ab
775 1646 889 1688 occasu
912 1624 1106 1689 restitueris:
1130 1623 1201 1712 quis
1223 1636 1255 1686 te

195 1729 328 1810 clarior,
349 1730 421 1818 quis
445 1732 547 1813 major
568 1730 602 1794 in
624 1729 721 1795 terris
739 1727 855 1795 fuerit?
880 1730 1007 1819 Quippe
1022 1730 1050 1795 si
1065 1730 1175 1794 morbo
1189 1733 1255 1813 jam

195 1851 252 1900 aut
265 1834 331 1900 fato
346 1835 422 1900 huic
437 1835 571 1925 imperio
587 1859 678 1902 secus
693 1835 836 1916 adcidat3
855 1837 909 1900 cui
930 1837 1063 1901 dubium
1086 1851 1151 1915 est,
1175 1835 1254 1922 quin

195 1965 254 2032 per
277 1941 385 2006 orbem
401 1955 556 2007 terrarum
570 1942 716 2023 vastitas,
730 1943 830 2023 bella,
849 1943 960 2008 caedes
975 1942 1142 2007 oriantur?
1159 1940 1256 2025 Quod

184 2047 225 2111 ·si
248 2047 307 2113 tibi
328 2048 412 2113 bona
432 2049 543 2113 lubido
564 2047 662 2114 fuerit
683 2049 868 2139 parentibus
890 2047 1106 2137 gratificandi3
1127 2062 1254 2137 postero

195 2165 347 2243 tempore,
362 2153 542 2243 Republica
564 2154 727 2234 restituta,
750 2178 846 2244 super
867 2154 971 2219 omnis
991 2155 1132 2219 mortalis
1153 2152 1254 2241 gloria

198 2260 319 2348 agnita,
334 2274 454 2348 tuaque
468 2261 565 2326 unius
580 2284 664 2324 mors
672 2261 737 2327 vita
746 2261 860 2325 clarior
876 2261 942 2326 crit
960 2262 1040 2325 Nam
1055 2260 1143 2326 vivos
1159 2260 1258 2323 inter·

197 2365 275 2428 dum
289 2365 427 2447 fortuna,
444 2389 537 2456 saepe
560 2366 684 2459 invidi:⁴
694 2365 824 2456 fatigat:
842 2368 899 2431 ubi
919 2367 1024 2432 anima
1043 2381 1173 2432 naturae
1188 2388 1255 2430 ces-

196 2471 258 2550 sit,
277 2471 390 2536 demtis
410 2472 707 2553 obtrectationibus,
722 2473 792 2563 ipsa
812 2472 845 2539 se
860 2473 959 2542 virtus
974 2474 1072 2562 magis
1092 2472 1257 2560 magisque

176 2605 181 2614 ·
197 2576 325 2641 extollit
343 2579 433 2662 Quae
448 2577 527 2643 milri
542 2577 634 2643 utilia
649 2578 735 2644 factu
750 2581 818 2647 risa
833 2595 922 2660 sunt,
938 2601 1081 2668 quaeque
1100 2579 1159 2642 tibi
1180 2579 1258 2643 usui

197 2681 265 2746 fore
280 2683 417 2763 credidi,
438 2707 536 2774 quam
555 2687 757 2774 paucissimis
777 2687 887 2775 potui,
909 2686 1087 2776 perscripsi
1106 2688 1261 2753 Ceterum

198 2787 274 2851 deos
296 2788 477 2855 inmortales
500 2793 658 2875 obtestor,
680 2793 743 2872 uti,
765 2813 967 2883 quocumque
990 2792 1083 2866 modo
1107 2816 1194 2884 ages,
1218 2817 1257 2859 ea

198 2913 248 2958 res
262 2893 320 2958 tibi
334 2895 444 2984 reique
457 2898 606 2986 publicae
617 2921 774 2988 prospere
790 2899 921 2967 eveniat
1023 2944 1026 2950 ·
