2888 4748
196 342 199 348 '
249 331 290 397 bb
540 331 576 395 C.
602 329 751 396 CRISPI
778 331 1020 402 SALLUSTII

241 482 371 560 villam,
388 496 545 567 postremo
570 498 700 546 autres
724 499 781 547 aut
803 486 1019 550 vestimentum
1035 486 1174 569 alicujus
1197 501 1318 554 concuiv

237 592 380 675 pivcrot3
395 588 494 653 dabat
509 614 637 674 oporam
650 639 659 667 ,
674 593 723 654 uti
745 594 779 654 in
800 595 1048 679 proscriptorum
1072 618 1204 657 numero
1220 613 1312 660 esset.

239 701 290 759 Ita
306 696 371 773 itti,
386 697 502 781 quibus
519 699 706 783 Damasippi
720 722 802 762 mors
819 699 1096 784 laetitiacfuerat‚
1109 700 1223 785 paullo
1237 719 1312 788 post

237 806 300 888 ipsi
315 803 525 867 trahebantur
540 807 570 865 ¹:
585 828 688 889 neque
706 808 796 891 prius
810 806 893 890 finis
910 807 1083 892 jugulandi
1099 807 1189 888 fuit,
1213 833 1309 895 quam

238 911 333 973 Sulla
350 913 451 974 omnis
474 935 546 973 suos
569 910 687 974 divitiis
702 913 851 999 explerit.
869 916 970 998 Atque
986 938 1041 998 ego
1057 912 1115 977 boc
1132 939 1196 977 non
1212 917 1246 978 in
1263 921 1309 980 M.

240 1019 344 1081 Tullio
357 1068 366 1096 ,
381 1042 483 1104 neque
501 1017 549 1080 bis
565 1018 757 1103 temporibus
774 1043 887 1083 vercor.
906 1020 971 1082 Sed
993 1023 1026 1083 in
1051 1044 1166 1105 magna
1180 1024 1308 1086 civitate

236 1126 340 1188 multa
363 1141 395 1188 ct
418 1127 505 1187 vario
530 1127 658 1209 ingenia
680 1142 764 1188 sunt,
782 1130 889 1189 Potest
903 1126 968 1189 alio
985 1143 1138 1213 tempore,
1152 1129 1217 1192 alio
1232 1153 1307 1192 con-

235 1234 323 1310 sule,
344 1235 397 1296 cui
421 1235 496 1297 item
520 1234 682 1296 exercitus
706 1236 739 1296 in
763 1259 860 1296 manu
885 1235 939 1311 sit,
951 1234 1079 1318 salsum
1103 1237 1230 1320 aliquid
1248 1261 1306 1321 pro

235 1366 305 1405 acro
329 1341 425 1404 credi.
446 1339 504 1402 Ubi
528 1340 585 1403 boc
609 1341 781 1426 exemplo,
801 1366 860 1426 per
879 1343 984 1404 senati
1003 1341 1164 1407 decretum
1180 1347 1212 1420 ¹,
1235 1334 1308 1407 con-

226 1448 286 1512 sul
314 1448 458 1533 gladium
489 1447 660 1525 educerit3
684 1450 755 1534 quis
780 1449 832 1512 itti
845 1449 950 1533 finem
980 1465 1119 1528 statuet,
1148 1466 1206 1513 aut
1235 1453 1306 1536 quis

234 1556 476 1620 moderabitur?

228 1698 235 1711 ·
279 1663 351 1728 Lll.
377 1666 516 1749 Maiores
533 1665 653 1742 nostri,
670 1669 706 1729 P.
726 1670 759 1728 C.
773 1714 782 1743 ,
798 1690 900 1751 neque
917 1666 1065 1743 consilii,
1085 1690 1188 1751 neque
1205 1666 1305 1729 ouda-

230 1774 300 1837 ciae
317 1796 467 1858 umquam
483 1797 595 1857 aguero
614 1798 621 1835 :
642 1796 744 1861 neque
760 1772 910 1858 superbia
926 1773 1094 1850 obstabat,
1117 1798 1180 1858 quo
1196 1775 1303 1836 minus

231 1879 339 1944 alieno
362 1881 529 1957 instituta,
552 1881 581 1942 si
604 1879 695 1942 modo
716 1878 818 1965 proba
841 1897 933 1942 crant
945 1930 954 1958 ‚
978 1882 1188 1943 imitarentur.
1206 1884 1302 1942 Arma

209 2044 213 2051 .
231 2002 327 2073 atque
344 1987 409 2057 telo
424 1987 579 2049 militaria
595 1985 636 2049 ab
656 1987 853 2051 Samnitibus
869 1983 891 2064 ³,
908 1989 1045 2072 insignia
1061 1988 1301 2072 magistratuum
1343 1966 1349 1977 i

231 2093 271 2157 ab
285 2095 411 2161 Tuscisb
427 2094 582 2179 pleraque
598 2109 792 2158 sumserunt:
805 2093 1068 2179 postremo‚quod
1084 2092 1200 2180 ubique
1216 2093 1304 2179 apud

230 2204 329 2265 socios
362 2217 419 2264 aut
441 2201 544 2264 hostes
569 2201 717 2265 idoneum
741 2199 925 2278 ridebatur,
946 2225 1019 2263 cum
1047 2224 1167 2263 summo
1197 2200 1302 2263 studio

229 2309 317 2373 domi
331 2307 612 2393 exsequebantur:
628 2309 770 2386 imitari,
789 2331 884 2393 quam
910 2308 1048 2370 inridere
1072 2306 1161 2368 bonis
1175 2355 1184 2382 ,
1203 2307 1302 2370 mole·

228 2416 313 2478 bant.
332 2416 397 2479 Sed
411 2414 520 2480 eodem
538 2414 595 2487 illo
612 2430 765 2501 tempore,
784 2414 936 2477 Graeciae
952 2436 1069 2476 morem
1085 2414 1219 2490 imitati,
1235 2437 1300 2475 ecr-

228 2522 356 2587 beribus
380 2520 674 2586 animadvertebant
697 2524 730 2585 in
754 2523 828 2585 ciris
852 2521 891 2583 dc
907 2521 1125 2584 condemnatis
1143 2543 1301 2583 summum

226 2629 418 2714 supplicium
434 2628 610 2691 sumebant.
621 2632 793 2714 Postquam
803 2628 996 2714 Respublica
1012 2627 1204 2704 adolevit,ct
1218 2627 1302 2713 muif

227 2734 363 2798 titudine
380 2736 493 2798 cisium
500 2736 665 2819 sactiones
682 2735 830 2812 valuere,
853 2737 1076 2811 circumveniri
1094 2737 1303 2811 innocentes,

226 2843 357 2928 aliaque
374 2841 593 2927 hujuscemodi
603 2842 684 2925 fieri
704 2866 855 2927 coepere3
872 2857 947 2905 tunc
964 2841 1020 2906 lex
1036 2843 1150 2905 Porcio
1165 2847 1178 2884 ⁵
1198 2832 1298 2904 oliae·

225 2975 286 3039 quo
304 2951 387 3035 lc'ges
401 2964 535 3035 paratae
559 2963 653 3026 sunt,
677 2948 792 3035 quibus
817 2949 937 3034 legibus
961 2949 1113 3013 exsilium
1137 2950 1298 3012 damnatis

221 3060 411 3145 permissum
426 3072 481 3122 est.
499 3059 591 3121 Hanc
606 3080 661 3142 ego
678 3079 837 3134 caussam,
853 3061 891 3119 P.
910 3062 943 3120 C.
958 3107 968 3137 ,
984 3081 1046 3144 quo
1062 3059 1166 3121 minus
1182 3081 1295 3120 norum

223 3168 391 3230 consilium
416 3168 601 3252 capiamus,
625 3165 659 3227 in
677 3166 790 3250 primis
810 3189 957 3249 magnam
970 3182 1058 3251 puto.
1076 3166 1221 3249 Profecto
1238 3167 1298 3226 vir-

211 3262 273 3340 'tus
295 3288 391 3359 atque
415 3275 574 3360 sapientia
590 3275 693 3355 major
707 3274 741 3335 in
758 3272 919 3354 ittissuin
934 3275 991 3358 qui
1006 3299 1049 3337 ecc
1062 3274 1168 3358 porris
1185 3271 1296 3357 opibus

220 3397 345 3448 tontum
361 3380 669 3466 imperiumsecere‚
690 3404 785 3467 quam
802 3381 835 3441 in
852 3380 941 3451 nobis
954 3430 963 3457 ,
978 3383 1035 3465 qui
1050 3405 1089 3442 ea
1105 3379 1184 3443 bene
1198 3395 1296 3464 parta
1372 3443 1375 3447 ,

221 3494 276 3557 tia
291 3492 470 3554 retinemus.
489 3487 605 3551 Placet·
617 3490 713 3573 igitur
728 3511 780 3552 cos
796 3487 932 3566 dimitti,
947 3503 979 3552 et
993 3490 1104 3573 augeri
1118 3489 1306 3568 exereitum,
1394 3502 1401 3514 ’

242 3679 254 3715 1
278 3656 324 3713 Ad
336 3655 519 3788 supplicium.
796 3652 814 3724 4
825 3632 929 3730 Populi
940 3653 1038 3711 Italiae
1049 3653 1121 3710 mari
1134 3619 1296 3729 adjacentes

240 3735 366 3807 2Cujus
397 3731 737 3788 aecerantverbazPro-
778 3730 815 3786 ad
827 3751 968 3790 occasum.
1022 3776 1024 3779 .

220 3809 341 3865 videant
350 3810 496 3876 consules,
506 3828 542 3862 ne
553 3807 738 3882 quidRespu-
798 3805 814 3871 5
835 3808 875 3861 Ea
890 3806 951 3883 lege
963 3826 1060 3864 severe
1072 3807 1211 3863 sancitum
1224 3817 1295 3869 erat.

219 3887 299 3941 blica
311 3885 482 3940 detrimenti
493 3887 603 3958 capiat.
775 3885 888 3958 nequis
905 3884 1071 3942 verberaret
1088 3895 1238 3939 necaretve
1253 3881 1293 3936 ci·

238 3959 256 4014 3
278 3961 417 4017 Samnites
427 3959 524 4014 Italiae
533 3958 636 4034 populi
649 3977 737 4034 supra
775 3981 840 4018 vem
855 3960 1025 4015 Roltsanum.

220 4035 420 4112 Campamom,
430 4034 467 4091 ad
476 4035 707 4111 septentrionem.
