2888 4748
421 323 608 416 BELLUM
631 321 970 388 JUGURTHINUM
1178 325 1235 411 15r

163 486 313 563 ‘quarum
343 495 417 538 cum
446 497 545 538 unam
580 488 673 562 atque
697 474 844 554 alteram,
868 474 941 538 dein
969 475 1077 563 plures
1100 485 1239 563 peteret,

177 581 282 647 studio
298 580 445 670 legundi,
461 582 628 672 paullatim
642 606 742 672 prope
766 581 807 645 ad
829 605 989 646 summum
1004 581 1120 646 montis
1137 605 1239 671 egres-

175 713 230 754 sus
244 704 299 756 est.
317 685 384 755 Ubi
407 705 578 780 postquam
601 689 806 756 solitudinem
829 689 1001 767 intellexit3
1017 711 1104 753 more
1127 689 1238 753 huma-

173 819 233 861 nae
256 796 417 886 cupidinis
433 805 460 879 ¹,
484 798 594 886 ignara
616 797 745 865 visundi
769 795 911 864 animum
928 797 1032 866 vortit
1044 797 1092 861 Et
1107 795 1188 860 forte
1203 796 1238 860 in

172 925 211 968 eo
234 904 306 969 1000
322 905 458 993 ‚grandis
482 905 545 970 ilex
568 907 729 972 coaluerat
743 907 827 970 inter
842 929 932 986 saxa,
946 904 1127 995 paullulum
1142 902 1236 969 modo

171 1032 297 1097 prona,
322 1012 435 1077 deinde
468 1012 583 1079 inflexa
618 1029 713 1104 atque
744 1028 838 1078 aucta
861 1012 894 1076 in
923 1012 1145 1092 altitudinem,
1172 1033 1237 1100 quo

170 1133 287 1184 cuncta
310 1119 508 1208 gignentium
531 1136 645 1189 natura
668 1122 745 1188 sert:
770 1121 983 1208 cujuslramis
1006 1119 1120 1199 modo,
1142 1116 1237 1183 modo

170 1227 385 1292 eminentibus
409 1228 491 1293 saxis
514 1230 604 1295 nisus
620 1228 739 1318 Ligus,
763 1228 886 1294 castelli
909 1228 1080 1318 planiciem
1103 1228 1237 1317 perscri-

170 1333 239 1412 bit;
264 1333 351 1424 quod
374 1335 483 1400 cuncti
507 1336 665 1402 Numidae
692 1337 807 1402 intenti
837 1335 1067 1425 proeliantibus
1096 1335 1234 1401 aderant

171 1441 352 1530 Exploratis
369 1443 535 1523 omnihus,
556 1461 641 1533 'quae
665 1468 738 1510 mox
761 1444 836 1510 usui
859 1443 926 1507 fore
950 1442 1103 1524 ducebat,
1127 1444 1237 1509 eadem

170 1551 349 1636 regreditur
360 1555 390 1631 ⁸,
404 1573 470 1615 non
485 1566 619 1633 temere,
635 1552 683 1617 uti
699 1551 892 1631 escenderat,
908 1550 964 1615 sed
978 1564 1103 1621 tentans
1119 1553 1236 1634 omnia,

169 1671 200 1721 et
223 1659 492 1749 circumspiciens.
510 1660 623 1748 ltaque
639 1659 779 1725 Marium
802 1651 937 1747 propere
961 1656 1047 1722 adit:
1071 1673 1140 1724 acta
1164 1660 1235 1724 edo-

170 1780 238 1829 cet:
264 1764 427 1846 hortatur,
441 1768 481 1830 ab
499 1791 538 1830 eo
552 1783 665 1852 parte,
680 1791 744 1851 qua
761 1769 827 1850 ipse
844 1766 1047 1844 escenderat,
1067 1767 1235 1830 castellum

168 1889 288 1937 tentet:
309 1874 482 1959 pollicetur
505 1897 572 1938 sese
597 1875 719 1936 itineris
742 1873 941 1958 periculique
966 1873 1087 1936 ducem.
1113 1875 1237 1941 Marius

169 2002 243 2044 cum
260 1980 398 2067 Ligure,
421 1981 578 2068 promissa
602 1982 671 2062 ejus
695 1980 859 2065 cognitum
883 2001 921 2043 ex
943 1980 1163 2067 praesentibus
1178 1984 1237 2045 mi-

169 2085 229 2149 sit:
254 2109 408 2173 quorum,
432 2086 480 2150 uti
498 2089 655 2174 cujusque
670 2085 835 2173 ingenium
858 2100 941 2166 erat,
964 2085 1009 2149 ita
1031 2109 1098 2151 rem
1122 2086 1235 2153 diflici-

164 2192 231 2255 lem
254 2206 310 2256 aut
332 2192 458 2258 facilem
484 2194 685 2259 nunciavere.
712 2192 864 2258 Consulis
881 2194 1008 2258 animus
1024 2207 1130 2258 tamen
1146 2195 1235 2282 paul-

167 2299 236 2363 lum
260 2299 414 2366 adtectus.
440 2301 554 2389 ltaque
577 2324 615 2366 ex
642 2300 734 2390 copia
757 2300 938 2365 tubicinum
961 2316 992 2365 et
1015 2301 1235 2382 cornicinum,

166 2430 301 2473 numero
326 2409 468 2498 quinque
492 2431 588 2496 quam
611 2408 838 2474 velocissumos
863 2407 996 2496 delegit,
1020 2422 1051 2472 et
1075 2431 1149 2473 cum
1172 2409 1234 2491 his,
1341 2482 1342 2485 Ἴ

164 2516 325 2603 praesidio
349 2515 405 2604 qui
428 2515 547 2597 forent,
572 2529 710 2604 quatuor
732 2513 976 2581 centuriones³z
998 2516 1165 2604 omnisque
1181 2517 1234 2580 Li·

166 2622 239 2711 guri
261 2646 373 2712 parere
389 2624 499 2706 jubet:
519 2638 550 2688 et
565 2623 595 2688 ei
610 2623 736 2710 negotio
751 2645 945 2712 proxumum
960 2621 1045 2685 diem
1060 2623 1233 2688 constituit

211 2730 338 2794 XCIX.
366 2730 431 2794 Sed
459 2731 516 2795 ubi
546 2755 583 2796 ex
613 2745 783 2821 praecepto
811 2745 937 2820 tempus
966 2729 1089 2807 visum;
1116 2731 1235 2819 paretis

164 2837 416 2928 compositisque
432 2837 597 2919 omnibus,
614 2838 654 2902 ad
669 2840 777 2904 locum
799 2839 911 2929 pergit.
931 2836 1082 2902 Ceterum
1096 2837 1162 2918 illi,
1179 2837 1234 2926 qui

164 2945 319 3010 centuriis
349 2959 534 3034 praeerant,
563 2946 728 3036 praedocti
759 2946 799 3009 ab
829 2945 926 3027 duce,
957 2967 1045 3010 arma
1074 2958 1233 3011 ornatum·

165 3075 228 3138 que
251 3067 465 3132 mutaverant,
490 3053 593 3143 capite
622 3070 717 3144 atque
738 3052 873 3143 pedibus
897 3052 1009 3134 nudis,
1032 3052 1081 3116 uti
1104 3074 1234 3140 prospe-

164 3172 235 3223 ctus
263 3160 416 3247 nisusque
440 3183 498 3249 per
527 3184 601 3226 saxa
624 3160 751 3225 facilius
774 3159 875 3224 foret:
900 3183 997 3249 super
1020 3173 1106 3248 terga
1137 3155 1234 3247 gladii

164 3279 195 3328 et
219 3279 325 3342 scuta3
348 3288 461 3331 verum
485 3290 522 3342 ea
542 3267 712 3332 Numidica
735 3291 773 3332 ex
796 3267 908 3347 coriis,
932 3266 1082 3355 ponderis
1098 3267 1234 3354 gratian

164 3370 315 3436 simulet
341 3370 464 3436 offensa
478 3377 508 3455 ⁵,
532 3398 596 3464 quo
623 3366 725 3441 levius
751 3389 934 3464 streperent.
964 3374 1067 3464 Igitur
1089 3394 1234 3462 praegre·

184 3661 194 3696 1
217 3641 267 3697 Uti
288 3640 319 3697 iu
340 3641 507 3701 hominihus
529 3642 600 3700 solet
619 3662 679 3701 esse
736 3643 754 3701 3
776 3646 906 3720 Quisque
918 3663 984 3701 cum
993 3642 1051 3699 suis
1060 3639 1204 3697 militibus.

162 3717 304 3792 cupiditas
318 3719 488 3795 explorandi
502 3739 547 3777 res
558 3720 679 3796 locaque
736 3720 755 3792 4
774 3722 848 3783 Nam
868 3734 947 3777 scuta
966 3720 1095 3774 Romana
1111 3737 1146 3773 ex
1158 3716 1233 3774 ferro

162 3813 221 3847 non
233 3808 314 3850 antea
326 3797 449 3871 cognita,
470 3795 620 3853 consilium
632 3817 677 3853 ce·
716 3798 847 3874 graviora
868 3808 942 3854 sunt.
1224 3804 1226 3808 ’

162 3869 205 3942 pit
217 3871 357 3926 evadendi
376 3871 413 3927 ad
430 3871 625 3938 altitudinem,
647 3885 679 3930 ut
737 3873 754 3930 5
776 3873 863 3931 allisa
883 3871 920 3929 ad
940 3890 1006 3930 saxa
1018 3870 1113 3927 minus
1125 3880 1232 3946 strepe-

163 3943 269 3999 castelli
288 3946 436 4022 planitiem
455 3962 647 4027 cognosceret.
718 3962 791 4010 rent.

181 4037 197 4074 2
220 4020 343 4098 Supple:
367 4029 423 4085 via.
