2888 4748
421 792 477 869 M.
508 790 745 869 AEMILII
773 784 972 865 LEPIDI

617 1005 785 1057 CONSULIS

564 1213 833 1322 ORATIO

487 1454 684 1524 CONTRA
721 1456 918 1524 SULLAM

314 1666 368 1712 AD
389 1668 625 1713 romanus
648 1668 746 1711 sont:
768 1666 1090 1717 oonsunnrlottts

215 2008 240 2073 1.
255 1963 467 2078 Cornum
490 2021 522 2071 et
539 2006 682 2098 probitas
703 2020 826 2088 vestra,
848 2007 1008 2092 Quirites,
1030 2009 1147 2096 quibus
1173 2028 1232 2099 per

169 2131 306 2181 caeteras
330 2115 431 2204 gentis
455 2116 595 2181 maxumi
626 2131 656 2180 et
681 2116 758 2180 olari
782 2116 877 2196 estis,
901 2116 1076 2204 plurimum
1105 2118 1231 2182 timoris

168 2223 248 2287 mihi
263 2222 403 2304 faciunt,
426 2222 579 2289 advorsus
601 2222 803 2314 tyrannidem
824 2224 860 2287 L.
881 2223 1007 2287 Sullae:
1024 2247 1065 2287 ne
1081 2239 1136 2289 aut
1150 2225 1234 2314 ipsi,

168 2329 304 2394 nefanda
328 2354 409 2420 quae
432 2333 633 2411 aestumatio,
656 2355 692 2395 ea
713 2353 829 2420 parum
851 2328 1008 2394 orodondo
1029 2331 1068 2395 de
1085 2332 1155 2395 aliis
1172 2331 1236 2396 eit·

169 2438 431 2504 cumveniamini:
454 2443 464 2518 (
481 2439 667 2527 praesertim
689 2461 763 2502 oum
782 2437 829 2499 illi
852 2460 922 2526 spes
946 2437 1048 2501 omnis
1063 2438 1097 2501 in
1115 2439 1235 2504 scelere

167 2559 261 2632 atque
277 2544 408 2633 perfidia
418 2544 469 2624 sit3
479 2568 582 2635 neque
599 2570 631 2611 se
648 2546 739 2610 aliter
751 2560 857 2610 tutum
872 2557 975 2635 putet,
992 2562 1087 2632 quam
1102 2542 1129 2608 si
1141 2547 1235 2633 pejor·

167 2665 263 2739 atque
277 2652 487 2718 intestabilior
502 2661 511 2690 ¹
534 2668 620 2718 metu
633 2668 737 2720 vestro
754 2651 868 2733 fuerit,
883 2676 947 2740 quo
965 2651 1122 2740 eaptivis⁸
1139 2652 1236 2716 liber-

166 2759 239 2823 tatis
255 2781 364 2823 ouram
379 2758 506 2824 miseria
522 2761 681 2843 eximat3)
699 2775 753 2825 aut
769 2761 796 2825 si
811 2758 1026 2850 provideritis,
1041 2760 1075 2824 in
1091 2758 1235 2828 tutandis

166 2867 319 2956 perleulis
335 2867 446 2957 magis,
462 2890 558 2957 quam
574 2870 608 2931 in
624 2866 808 2933 ulciscendo
825 2866 1005 2932 teneamini.

212 2974 254 3038 II.
274 2973 432 3040 Satellites
448 2976 577 3065 quidem
593 2978 674 3059 ejus,
690 2974 835 3039 hominos
852 2970 991 3038 maxumi
1007 2972 1158 3053 nominis,
1168 2991 1234 3035 non

166 3080 273 3147 minus
289 3080 429 3172 optumis
445 3087 604 3168 majorum
619 3083 786 3172 exemplis,
802 3105 926 3170 nequeo
944 3080 1019 3147 satis
1036 3078 1163 3156 mirari;
1179 3077 1233 3143 do·

169 3188 353 3255 minationis
368 3190 403 3252 in
417 3213 474 3256 vos
484 3192 649 3258 servitium
658 3213 753 3257 suum
768 3188 945 3253 mercedem
958 3181 1065 3263 dant³3
1074 3201 1237 3251 etutrum·

168 3317 230 3384 que
244 3287 256 3327 ⁴
271 3320 328 3386 per
344 3295 496 3379 injuriam
512 3298 653 3377 malunt,
669 3319 763 3385 quam
781 3310 910 3385 optumo
926 3296 997 3378 jure
1012 3293 1107 3358 liberi
1122 3315 1215 3381 agere
1226 3280 1236 3355 :¹

168 3404 333 3492 praeclara
357 3406 530 3469 Brutorum
545 3419 640 3493 atque
657 3400 869 3467 Aemiliorum
890 3417 921 3467 et
945 3401 1149 3466 Lutatiorum
1166 3421 1238 3488 pro·

166 3513 226 3595 les,
235 3512 337 3603 geniti
353 3511 394 3575 ad
410 3534 546 3602 ea,quae
561 3514 697 3595 majores
706 3512 823 3579 virtute
836 3531 1000 3602 peperere,
1009 3502 1238 3576 subvertunda.

182 3732 204 3767 «ι
226 3709 336 3768 Dehao
352 3729 441 3780 voce,
459 3709 525 3768 vide
542 3714 687 3786 pag‚128,
727 3708 792 3765 tatis
803 3708 944 3764 amittunt.

168 3806 197 3845 n.
220 3786 245 3842 3.
744 3784 820 3840 tm
839 3784 922 3840 vobis
944 3782 1111 3856 imperent,
1139 3774 1243 3834 Sullae

189 3862 300 3919 oldest:
312 3865 404 3922 Vobis
412 3862 686 3939 captivisflomines
723 3865 802 3919 servi
811 3863 900 3933 fiunt.

170 3939 245 3997 enim
262 3938 358 3996 miseri
376 3953 406 3996 et
423 3941 451 3995 in
472 3936 603 3996 servilem
617 3958 684 3993 con·
743 3936 894 4008 AScilicet:
904 3931 1127 3991 dominationem
1134 3926 1244 3998 Sullae,

172 4013 310 4070 ditionem
327 4016 467 4092 projecti,
486 4035 584 4074 curam
600 4013 687 4075 liber·
725 4026 754 4071 et
763 4012 918 4090 proprium
927 4007 1084 4088 servitium
