2888 4748
429 331 620 398 sursunt
647 310 989 398 otrrtrutruuu
1053 364 1057 372 ·
1207 333 1250 413 ts

168 484 304 579 ⁴privatis
317 493 325 516 ¹
343 499 438 573 atque
444 479 607 574 publicis·
621 483 844 572 largitionibus
855 483 966 564 excita,
976 484 1136 550 urbanum
1151 487 1253 553 otium

174 595 298 682 ingrato
322 592 425 657 labori
439 591 643 682 praetulerat
661 591 726 656 Eos
750 606 845 680 atque
871 592 949 656 alios
969 589 980 631 ³
1004 592 1108 658 omnis
1132 595 1253 661 malum

173 701 342 790 publicum
358 700 479 777 alebat3
503 723 569 789 quo
586 698 693 764 minus
709 699 891 765 mirandum
907 713 971 779 est,
996 699 1142 766 homines
1160 718 1252 791 egen-

172 809 233 890 tis,
257 807 349 872 malis
374 808 537 888 moribus,
562 830 710 872 maxuma
726 831 799 898 spe,
815 806 1025 898 Reipublicae
1045 812 1133 892 juxte
1156 833 1193 875 ac
1213 812 1253 876 si·

171 915 207 980 bi
231 915 244 955 ⁴
271 915 480 981 consuluisse.
515 916 702 997 Praeterea,
727 938 865 1005 quorum
894 916 1027 982 victoria
1060 916 1169 982 Sullae
1198 941 1253 1007 pa-

172 1038 278 1089 rentes
302 1023 493 1113 proscripti,
516 1023 601 1087 bona
626 1038 753 1114 erepta,
777 1027 829 1108 jus
853 1023 1009 1089 libertatis
1033 1025 1254 1089 inminutum⁸

173 1145 262 1211 erat,
285 1129 374 1194 haud
390 1152 466 1194 sane
482 1129 545 1193 alio
562 1131 668 1195 animo
683 1131 760 1195 belli
779 1145 928 1197 eventum
951 1133 1182 1222 exspectabant.
1201 1131 1254 1198 Ad

174 1237 259 1318 hoc,
284 1237 481 1327 quicumque
505 1237 641 1301 aliarum
660 1253 756 1328 atque
779 1239 878 1303 senati
900 1241 1040 1330 partium
1056 1255 1163 1321 erent,
1179 1264 1253 1305 con·

175 1345 298 1411 turbari
315 1345 580 1436 Rempuhlicam,
605 1369 703 1435 quam
725 1345 832 1412 minus
848 1347 953 1413 valore
969 1347 1051 1436 ipsi,
1075 1348 1252 1414 malebant:

174 1452 209 1517 id
225 1452 304 1517 adeo
321 1454 442 1518 malum
458 1454 576 1519 multos
592 1461 666 1544 'post
682 1478 781 1519 annos
798 1454 808 1488 ⁶
823 1454 857 1518 in
874 1455 1034 1521 civitatem
1050 1470 1229 1522 reverterat.

221 1561 393 1626 XXXIX.
420 1560 520 1642 Nam,
544 1576 715 1651 postquam
744 1563 802 1626 Cn.
827 1563 981 1653 Pompejo
1012 1577 1043 1628 et
1068 1563 1111 1626 M.
1138 1563 1253 1628 Crasso

175 1691 256 1734 coss.
273 1669 448 1735 tribunicia
463 1684 603 1759 potestas
620 1671 766 1735 restituta
787 1686 834 1735 est
853 1682 880 1751 ⁷,
903 1670 1048 1735 homines
1073 1670 1255 1735 adolescen-

175 1788 223 1841 tes
253 1799 411 1841 summam
441 1792 631 1866 potestatem
662 1778 773 1858 nacti,
803 1779 921 1866 quibus
949 1793 1036 1842 aetas
1064 1779 1254 1866 animusque

175 1883 264 1948 ferox
280 1899 364 1965 erat,
388 1908 522 1975 coepere
545 1900 690 1950 senatum
713 1885 912 1949 criminando
932 1886 1058 1976 plebem
1075 1886 1253 1974 exagitare,

175 1990 250 2078 dein
267 1992 431 2080 largiendo
452 2006 548 2080 atque
569 1992 778 2081 pollicitando
800 1993 901 2082 magis
916 1992 1107 2071 incendere;
1131 1994 1175 2057 ita
1191 1993 1253 2084 ipsi

175 2099 256 2163 clari
287 2113 497 2188 potentesque
522 2098 599 2164 fieri.
627 2101 747 2166 Contra
771 2123 825 2166 eos
850 2124 974 2166 summa
1004 2124 1064 2192 ope
1091 2100 1254 2166 nitebatur

175 2205 329 2296 pleraque
345 2207 507 2288 nobilitas,
523 2208 624 2273 senati
640 2209 823 2301 specic,pro
841 2233 898 2274 sua
914 2208 1141 2298 magnitudine.
1157 2208 1253 2271 Nam-

176 2336 258 2403 que,
282 2315 329 2385 uti
345 2315 458 2405 paucis
474 2339 587 2382 verum
603 2317 785 2395 absolvam,
804 2339 862 2405 per
879 2316 934 2379 illa
950 2330 1092 2405 tempora
1108 2315 1252 2403 quicum·

176 2446 240 2510 que
256 2417 502 2513 Rempuhlicam
519 2424 676 2510 agitavere
692 2421 835 2486 honestis
852 2422 1050 2502 nominibus,
1068 2422 1140 2501 alii,
1158 2421 1252 2487 sicuti
1325 2448 1327 2452 ·

175 2531 248 2612 jura
270 2529 384 2619 populi
409 2527 634 2606 defenderent3
657 2551 752 2617 pars,
777 2553 840 2621 quo
866 2530 966 2594 sensti
991 2529 1163 2594 auctoritas
1187 2551 1253 2594 me·

173 2656 271 2703 xuma
291 2636 389 2717 foret,
412 2637 534 2702 bonurn
550 2637 716 2727 publicum
732 2637 939 2715 simulantes3
963 2661 1022 2727 pro
1039 2661 1097 2702 sua
1113 2637 1252 2726 quisque

174 2745 318 2836 potentia
340 2745 522 2810 certabant:
539 2768 643 2834 neque
661 2746 725 2810 illis
741 2745 907 2825 modestia,
927 2768 1031 2834 neque
1047 2745 1161 2810 modus
1178 2769 1252 2811 con·

174 2853 328 2919 tentionis
353 2867 446 2918 erat:
471 2853 600 2941 utrique
623 2852 794 2920 victoriam.
814 2853 986 2919 crudeliter
1010 2854 1205 2918 exercebant.

220 2961 295 3026 XL.
322 2960 411 3042 Sed,
439 2975 611 3050 postquam
641 2962 699 3025 Cn.
726 2962 902 3052 Pompejus
925 2961 965 3025 ad
988 2961 1108 3025 bellurn
1133 2960 1251 3024 mariti-
1281 2962 1291 2981 ⁸

171 3067 292 3134 xmum⁸
314 3084 410 3159 atque
427 3068 682 3136 Mithridaticum
699 3073 712 3111 ⁹
728 3069 845 3136 missus
866 3083 930 3150 est,
946 3068 1048 3159 plebis
1065 3091 1141 3158 opes
1158 3067 1250 3132 inrui·-

198 3314 208 3350 1
225 3293 693 3372 Quaeaprivatishominihuslie-
731 3294 815 3352 etiam
829 3292 1022 3370 petendorum
1031 3293 1251 3371 magistratuum

176 3370 258 3439 bant,
271 3383 304 3426 ut
314 3371 416 3448 populi
428 3373 562 3448 suffragia
578 3391 694 3449 prome·
733 3371 885 3446 eripuerat.

175 3460 316 3506 rerentur.
486 3453 489 3460 '
752 3448 771 3504 6
792 3448 859 3502 Post
871 3445 1071 3503 Gracchorum
1089 3446 1248 3504 seditiones.

195 3543 211 3578 2
229 3525 385 3580 Frumento
397 3522 427 3578 in
437 3521 581 3600 populum
592 3522 690 3600 publi·
749 3543 765 3600 7
780 3521 858 3579 Sulla
880 3523 1064 3579 tribunorum
1079 3535 1248 3600 potestatem

175 3619 208 3661 ee
228 3598 495 3666 distribuebantur,
523 3599 691 3675 praesertim
729 3599 863 3675 fregerat,
880 3599 981 3656 relicto
992 3600 1040 3656 vix
1052 3597 1248 3655 intercedendi

174 3675 293 3734 inludis
313 3696 330 3732 a
352 3675 526 3752 quibusdam
543 3676 691 3753 magistra·
728 3678 806 3752 jure:
818 3676 972 3753 Pompejus
984 3675 1085 3731 eumin
1094 3675 1246 3751 pristinum

176 3751 262 3810 tibus.
728 3752 861 3811 restituit.

194 3825 211 3884 3
233 3827 361 3904 Supplc:
382 3827 514 3903 ejusdem
522 3833 652 3903 generis.
749 3833 765 3886 8
787 3828 943 3886 Piraticum
954 3826 1092 3885 adversus
1104 3827 1215 3891 Cilices.

194 3901 285 3972 tSibi
295 3904 410 3974 scilicet,
421 3916 573 3982 praetextu
583 3905 691 3982 Rcipu·
749 3925 768 3980 9
788 3903 968 3960 Mithridates
979 3924 1030 3959 rex
1039 3904 1123 3960 Ponti
1132 3906 1162 3960 in
1170 3905 1247 3974 Asia,

175 3977 275 4038 blicae.
731 3982 781 4058 qui
800 3980 919 4055 longum
939 3995 967 4037 ct
986 4001 1072 4057 grave
1092 3981 1200 4042 bellum
1217 3983 1247 4041 in

195 4053 693 4141 5Sullaproscriptorumliber·isjus
731 4059 878 4118 Romanos
898 4059 1075 4119 sustentavit.
