2888 4748
189 335 287 387 xxrrf
304 339 309 346 ·

20 430 71 502 .'
187 445 308 533 ticos,
331 442 400 549 qui
415 467 420 476 ·
433 441 750 548 frequentissimu
780 442 946 525 aliorum
971 434 1150 525 Sallustii
1176 434 1267 555 ope·
1341 509 1344 519 2

179 621 282 674 rum-
298 594 417 675 verba
439 610 479 673 et
498 596 712 675 sententias
733 593 917 687 afferunt,
934 595 1066 674 ullum
1086 623 1136 677 er
1155 595 1267 678 hisee

81 824 85 835 f
189 744 367 856 epistolis
385 743 614 854 exemplum
634 770 719 822 esse
740 724 967 824 adductum.
1055 784 1057 792 ·

192 982 195 987 .
240 894 320 976 Sed
338 898 443 975 inter
462 909 635 972 coeteros
657 870 831 975 Gottlieb
854 895 1025 988 Cottius,
1047 893 1266 1002 diligentis·

187 1030 308 1129 simus
331 1060 379 1122 et‘
392 1042 676 1122 eruditissimus
696 1047 822 1122 nostri
847 1047 1016 1129 auctoris
1044 1048 1264 1153 interpres,

187 1196 305 1300 longa
325 1186 501 1272 oratione
519 1192 684 1301 probare
703 1192 932 1286 contendit,
952 1210 1068 1302 turpe
1090 1223 1136 1273 ae
1155 1197 1267 1278 nefas

190 1336 708 1438 essesallustioatlscribere
727 1338 838 1419 rudis
859 1344 1101 1444 grammatici
1122 1345 1268 1448 episto·

187 1491 271 1586 las,'
300 1519 347 1570 eo
376 1494 494 1571 unico
525 1505 780 1595 argumento,
802 1487 911 1596 quod
937 1493 1023 1597 ipse
1049 1489 1274 1571 nonnullas

186 1644 349 1752 phrases
377 1656 417 1717 et
430 1665 559 1722 ‘voees
580 1638 816 1742 congesserit
835 1664 857 1714 e
881 1636 1059 1715 Sallustii
1079 1637 1265 1744 operibus
1311 1733 1315 1750 x

191 1789 409 1896 decerptas3
422 1776 470 1868 'et
485 1792 626 1868 aeriter
639 1789 882 1895 indignatur,
897 1787 1006 1894 quod
1023 1814 1197 1868 summos
1208 1792 1265 1871 vi·
1333 1840 1336 1844 -

190 1969 253 2019 ros
273 1966 355 2017 non
374 1937 522 2045 pudeat
540 1956 622 2017 tam
643 1942 825 2045 ineptum
842 1926 1041 2043 judicium
1058 1911 1251 2046 preferre·¹

192 2136 198 2188 3
239 2089 375 2198 Quum
394 2114 466 2172 nos
488 2115 646 2203 quoque
677 2115 727 2170 ex
757 2114 894 2164 eorum
922 2112 1089 2164 numero
1117 2087 1266 2178 simus,
1371 2078 1374 2081 ‘

189 2241 260 2347 qui
280 2237 351 2325 has
379 2237 476 2322 duas
497 2235 681 2351 epistolas
710 2235 887 2321 Sallustii
907 2262 988 2318 esse
1018 2238 1180 2342 ejusque
1207 2235 1261 2313 fa

187 2402 254 2472 ma
274 2413 356 2470 non
372 2371 555 2493 indignas
574 2400 745 2496 putant,
765 2410 847 2468 non
879 2383 946 2468 aba
975 2402 1018 2462 re
1033 2406 1036 2413 ‘
1050 2387 1125 2464 erit
1155 2409 1280 2491 argus

53 2608 55 2610 ,
187 2553 322 2637 menta
343 2562 566 2645 exponere,
588 2565 689 2642 quae
708 2535 822 2613 nohis
842 2534 885 2613 id
904 2532 1152 2647 persuadent.
1195 2555 1198 2558 ’
1241 2582 1244 2586 -

117 2754 121 2768 s
227 2668 500 2784 'Conveniunt
520 2713 656 2768 omnes
678 2685 942 2768 elocutionem
961 2683 1104 2764 harum
1124 2684 1263 2793 episto·-

189 2809 319 2913 larum
349 2833 516 2915 eandem
541 2863 645 2928 esse,
677 2863 796 2941 quam
825 2838 868 2913 in
899 2835 1062 2913 coeteris
1085 2830 1263 2916 Sallustii
1306 2853 1308 2856 ⁴

191 2981 374 3090 operibus
394 2999 623 3094 usurpatam
641 2981 834 3067 videmus.
848 2981 895 3060 ld
912 2997 1046 3060 autem
1065 3005 1188 3057 nemo
1205 2977 1268 3057 lu·

192 3127 389 3210 culentius
420 3093 618 3224 osteudit,
639 3157 759 3238 quam
779 3133 863 3242 ipse
886 3130 1063 3228 Cottius3
1085 3131 1155 3235 qui
1184 3130 1286 3211 suis
1330 3213 1335 3216 ,

192 3278 310 3355 notis·
327 3279 408 3357 fere
442 3267 625 3357 omnibus
654 3276 797 3389 harum
824 3276 1047 3358 litterarum
1074 3269 1295 3358 voeabula

191 3424 341 3532 profert
360 3441 401 3503 et
419 3423 601 3531 phrases,
614 3429 658 3502 in
671 3426 816 3531 quibus
829 3443 961 3504 noster
974 3423 1266 3504 auctoreodem

196 3597 236 3653 se
256 3573 374 3654 modo
395 3574 589 3681 explieat,
609 3592 656 3653 ut
674 3578 724 3652 in‘
738 3580 901 3654 coeteris
921 3579 1001 3655 suis
1021 3575 1215 3684 operibus.
1256 3622 1259 3628 ι

246 3722 363 3830 Quod
382 3750 476 3805 vero
498 3721 751 3831 epistolarum
773 3723 1002 3805 earumdem
1026 3752 1047 3801 a
1067 3722 1273 3805 veteribus·
1339 3735 1342 3740 ’

194 3869 455 3974 grammaticis
475 3861 587 3952 nulla
607 3873 866 3967 fiat-mentio,
886 3873 929 3950 id
948 3898 1085 3951 unum·
1101 3868 1266 3981 probat,

197 4045 260 4101 eas
280 4021 374 4134 ipsis
394 4023 772 4130 insegnitastutsse3
791 4048 867 4103 nee
879 4023 1026 4105 mirum
1038 4039 1120 4117 esta
1140 4023 1283 4131 quum-
