2888 4748
167 449 171 457 Ι
260 362 328 423 aaa
531 351 593 418 n
620 351 768 417 onrsrr
795 345 1038 416 sansusru

261 505 338 568 362.
364 500 514 566 Maeotici
530 501 610 566 situs
627 501 786 589 aequoris.¹
801 503 905 564 Avien.
916 505 999 566 Fert.
1015 500 1055 564 de
1073 523 1129 564 ora
1145 501 1248 566 morit.
1266 501 1287 566 l.
1303 525 1328 570 ι,

321 621 445 676 Descriptio
454 620 580 666 Maeotidis:
593 621 616 664 lu
627 619 713 676 periplo
722 618 811 666 nutat.

263 729 337 792 363.
366 729 481 817 Scytae
504 726 661 791 Nomades
684 718 792 791 tenent
815 725 932 813 quibus
961 725 1106 816 plaustra
1129 725 1219 793 sedes
1243 740 1328 792 sunt„

331 841 444 899 Acron.
460 851 492 898 et
509 834 622 918 Porph.
640 836 673 895 in
691 838 799 896 Horat.
820 834 875 896 Od.
894 834 922 896 3.

322 955 398 1012 Populi
408 955 436 999 ud
446 954 613 1011 repmtriouem
622 953 703 998 Euxini
713 961 735 998 et
745 953 842 999 Paludis·

262 1061 337 1139 366.
364 1064 445 1126 Tota
462 1077 566 1126 autem
582 1062 687 1126 insula
706 1061 832 1128 modica
850 1074 882 1126 et
900 1059 1080 1129 cultoribus
1099 1058 1213 1124 inanis.
1239 1065 1325 1126 Mar·

332 1171 410 1231 tion.
427 1169 465 1231 de
483 1169 599 1230 metris

323 1288 397 1331 lurotu
407 1287 491 1331 [οιοιι
502 1286 574 1331 ditatu
585 1281 669 1330 Achilli
680 1285 705 1330 ln
715 1285 809 1332 Buxiu'o.

265 1396 340 1461 365.
367 1396 521 1459 Omnium
537 1394 707 1459 fluminum
723 1418 804 1482 quae
820 1395 854 1457 in
875 1393 975 1460 maria
994 1417 1058 1481 qua
1078 1392 1248 1483 imperium
1264 1393 1329 1456 Ro·

330 1523 461 1570 manum
478 1513 536 1583 est,
553 1498 669 1578 fluunt,
691 1501 864 1564 maximum
888 1522 956 1564 esse
980 1500 1089 1563 Nilum
1113 1499 1332 1579 consentitur,

329 1629 484 1694 proxuma
500 1602 717 1691 magnitudine
734 1605 889 1670 Histrum.
906 1605 986 1671 Aut..
997 1606 1081 1671 Gett.
1098 1605 1119 1674 l„
1142 1628 1190 1668 10.

322 1725 384 1770 lllluu
394 1733 417 1769 et
426 1725 512 1770 utem
521 1723 545 1768 lu
555 1724 641 1780 periplo
651 1724 743 1775 ruunt.

263 1835 338 1901 366.
363 1832 456 1898 Vino.
478 1832 580 1896 Valer.
598 1831 690 1894 Proh.

322 1956 381 2004 usu
390 1955 507 2011 anneus,
519 1966 583 2013 qum
592 1953 694 2006 runnu
707 1953 776 2012 eapse

614 2220 617 2226 ,
702 2141 820 2209 noun
840 2084 892 2211 tv,

263 2339 338 2429 367.
363 2336 435 2401 Non
458 2348 493 2401 tu
517 2332 595 2413 scis,
619 2331 646 2397 si
669 2353 749 2420 quas
772 2332 864 2396 aedes
887 2329 970 2418 ignis
995 2327 1100 2421 cepit',
1124 2331 1212 2398 haud
1233 2330 1328 2398 facile

329 2459 404 2510 sunt
427 2442 582 2520 defenso,
607 2438 685 2527 quin
709 2454 740 2505 et
763 2439 992 2505 comburantur
1014 2462 1196 2535 proxumae,
1222 2443 1325 2529 Sosip.

331 2552 453 2615 Charis.
469 2539 514 2612 de¹
525 2547 592 2610 adr.

319 2672 357 2718 Sia
368 2673 458 2728 Tigrani
469 2670 583 2733 respondet
592 2668 728 2714 Metrodorus
739 2669 871 2717 minturnis
880 2670 972 2726 legitur.

260 2765 334 2844 368.
361 2747 524 2868 lmpotens
541 2793 571 2842 et
587 2779 705 2842 nimius
722 2780 819 2844 animi
835 2794 889 2845 est
908 2785 996 2843 Aras.
1014 2785 1107 2847 Meos.

318 2898 392 2943 Cltxur
404 2898 512 2956 gladiatur
524 2905 572 2952 port
584 2896 698 2941 viatorium
708 2899 794 2943 elutior.

259 3009 334 3096 369.
360 3006 524 3072 Dissidere
539 3005 621 3068 inter
637 3027 669 3069 se
685 3027 836 3095 coepere,
856 3028 959 3098 neque
981 3007 1016 3070 in
1038 3007 1181 3072 medium
1196 3008 1323 3073 consul·

326 3128 408 3179 tare·
421 3115 518 3178 Idem.

318 3235 427 3282 uus-uto
437 3242 486 3280 ortu
496 3235 588 3279 Thronoi
600 3235 657 3278 tuter
667 3241 690 3279 et
704 3232 778 3281 Gallos
788 3235 900 3292 fugitivos.

258 3346 333 3435 370,
359 3343 404 3408 At
421 3345 540 3427 Cnejus
556 3342 713 3410 Lentulus
730 3346 884 3436 patriciae
903 3346 1023 3435 gentis,
1044 3346 1163 3434 collega
1182 3351 1250 3430 ejus
1268 3348 1322 3415 cui

327 3464 571 3538 cognomentum
590 3449 748 3516 Clodiano
764 3452 842 3532 fuit,
864 3475 922 3540 per
943 3453 1100 3521 incertum
1120 3453 1263 3517 stolidior
1279 3477 1321 3520 an

325 3557 448 3642 vanior,
463 3557 565 3643 legem
578 3553 620 3619 'de
634 3559 773 3644 pecunia
788 3580 884 3646 quam
901 3556 991 3622 Sulla
1007 3559 1203 3648 emptoribus
1218 3559 1317 3624 bono-

325 3675 402 3726 rum'
414 3663 592 3741 remiserat,
608 3662 780 3749 exigunda,
800 3663 1022 3757 promulgavit.
1039 3667 1109 3731 Aul.
1129 3665 1194 3728 Get
1212 3666 1232 3726 l.
1254 3668 1303 3729 18.

320 3781 424 3830 lentulus
434 3770 550 3830 Clodianus
562 3785 645 3839 collega
656 3783 724 3828 Gellii
736 3784 759 3828 lu
770 3785 890 3829 consulatu.

259 3891 334 3982 371.
361 3891 468 3980 Atque
483 3893 531 3956 illi
548 3891 712 3973 certamini
729 3893 846 3957 conscii
866 3892 949 3957 inter
971 3918 1004 3958 se
1024 3898 1112 3977 juxta
1129 3895 1318 3961 seditionem

291 3989 424 4070 ''erant
443 4000 539 4068 Crixo
560 4015 592 4065 et
611 3999 715 4096 gentis
738 4000 878 4093 ejusdem
902 3999 1004 4072 Gallis
1028 4015 1122 4097 utque
1148 4003 1317 4073 Germanis
