2888 4748
452 328 641 406 BELLUM
666 331 1007 410 CATILINARIUM
1220 347 1264 437 ln

190 480 300 575 tendi,⁸
320 489 456 555 Cinnam
479 509 575 579 atque
600 492 725 556 Sullam
747 510 842 559 antea
864 521 872 558 :
895 520 927 559 se
953 496 1080 560 tertiam
1104 521 1171 562 esse
1184 548 1193 577 ,
1208 504 1263 564 cui

180 598 294 682 satum
307 598 401 682 soret
423 598 510 663 urbis
531 602 630 686 potiri
640 629 650 678 ,·
670 617 865 686 praeterea,
882 603 922 665 alr
946 605 1075 666 incenso
1103 607 1262 691 Capitolia

186 704 285 767 illam
315 730 383 770 csse
414 708 594 793 vigesimum
622 703 773 787 annam,
803 733 896 794 quern
926 734 1019 796 saepe
1044 735 1087 774 ea·
1108 713 1262 800 prodigiis

189 810 375 898 haruspices
392 815 400 840 ¹
415 815 650 901 respondissent
664 814 748 879 tello
764 816 851 879 civili
865 818 1124 902 cruentumsorc.
1142 819 1260 907 Igitur,

189 918 338 1007 perlectis
353 920 486 1000 litteris,
502 943 576 985 cum
590 922 680 1012 prius
696 944 805 986 omnes
829 922 919 1011 signa
941 915 998 987 sua
1021 926 1262 1012 cognovissent,

190 1014 319 1090 senatus
333 1024 490 1107 decernit,
504 1031 566 1107 uti,
581 1028 728 1092 abdicato
744 1031 928 1114 magistratu
946 1031 1112 1109 Lentulus,
1122 1034 1260 1120 itemque

188 1135 288 1196 ceteri
308 1135 342 1195 in
363 1132 472 1196 liberis
494 1122 644 1197 custodiis
685 1135 885 1199 haberentur.
911 1136 1024 1224 Itaque
1046 1138 1204 1202 Lentulus
1224 1140 1261 1202 P.

188 1239 328 1302 Lentulo
347 1239 529 1329 Spintheri,
542 1242 598 1329 qui
614 1256 682 1305 tum
698 1241 808 1305 aedilis
824 1256 890 1306 erat
905 1238 932 1322 ³,
950 1243 1110 1331 Cethegus
1128 1240 1165 1328 Q.
1184 1244 1262 1309 Cor-

189 1343 310 1425 nificio,
328 1346 475 1412 Statilius
493 1348 528 1411 C.
547 1348 688 1427 Caesari,
706 1347 863 1411 Gabinius
880 1349 923 1410 M.
942 1349 1069 1429 Crasso,
1080 1345 1257 1440 Caeparius

188 1456 282 1545 (nam
297 1453 324 1517 is
340 1453 449 1542 paullo
466 1469 538 1523 ente
554 1447 591 1520 ex
606 1453 681 1544 iuga
697 1468 851 1518 retractus
866 1462 952 1537 erat)
971 1455 1028 1518 Cn.
1045 1457 1194 1521 Terentio
1210 1486 1259 1522 se·

188 1560 293 1623 aeteri
310 1559 488 1625 traduntur.

156 1678 162 1689 “
234 1666 362 1732 XLIX.
387 1654 512 1734 interca
527 1668 1260 1763 plebes‚c0njurationepatefacta,quaeprimo¹

188 1772 307 1863 cupida
330 1798 485 1842 novarum
507 1799 615 1840 rerum
637 1777 732 1840 nimis
752 1776 835 1840 bello
852 1774 987 1856 favebat,
1002 1791 1123 1841 mutata
1138 1792 1260 1859 mente,

190 1881 348 1946 Catilinae
363 1883 496 1947 consilia
519 1884 692 1964 exsecrari,
717 1884 903 1946 Ciceronem
926 1883 966 1946 ad
990 1884 1114 1946 coelum
1130 1885 1261 1962 tollere;

188 1988 290 2054 veluti
305 2011 343 2053 cx
359 1991 508 2055 servitute
525 2004 650 2080 erepta,
665 1989 818 2078 gaudium
835 2004 928 2078 atque
944 1989 1096 2052 laetitiam
1113 1992 1259 2079 agitabat.

188 2095 335 2183 Namque
351 2095 413 2159 alia
427 2095 504 2159 belli
519 2095 661 2160 facinora
676 2095 812 2186 praedae
828 2096 927 2184 magis
948 2119 1045 2185 quam
1068 2096 1259 2161 detrimento

187 2200 276 2279 fore3
291 2201 564 2268 incendium-vero
581 2202 726 2285 crudele,
742 2203 995 2283 inmoderatum,
1011 2227 1048 2267 ac
1067 2203 1128 2267 sihi
1143 2217 1258 2267 'maxu-

186 2331 238 2374 me
257 2309 477 2373 calamitosum
491 2310 643 2400 putabat;
666 2313 785 2400 quippe
802 2311 855 2374 cui
897 2332 1005 2372 omnes
1022 2309 1132 2397 copiae
1148 2309 1181 2371 in
1197 2332 1259 2373 usu

187 2416 391 2504 quotidiano,
413 2432 445 2481 et
464 2419 553 2481 cultu
570 2418 712 2506 corporis
729 2429 830 2503 erant,
844 2417 922 2479 Post
937 2438 1009 2477 eum
1025 2403 1109 2477 diem
1126 2415 1256 2502 quidam

178 2523 224 2588 L.
237 2513 488 2612 Tarquiniusad
504 2537 648 2587 senatum
664 2522 819 2586 adductus
835 2535 912 2600 erat,
927 2543 1022 2609 quem
1037 2521 1077 2584 ad
1087 2521 1258 2584 Catilinam

99 2656 106 2668 ·
184 2627 450 2721 proficiscentem,
466 2652 503 2693 ex
518 2629 631 2694 itinere
647 2643 817 2692 retractum
833 2629 966 2712 ajebant.
984 2628 1016 2692 ls
1033 2651 1106 2693 cum
1122 2652 1155 2693 sc
1172 2628 1255 2692 dice·
1280 2696 1284 2702 ,

183 2727 235 2801 ret
247 2735 463 2801 indicaturum
478 2736 516 2800 de
533 2735 768 2819 conjuratione,
785 2736 810 2798 si
827 2733 905 2799 fides
921 2734 1052 2823 publica
1067 2733 1140 2799 data
1156 2750 1256 2813 esset;

184 2846 292 2927 jussus
303 2838 326 2908 ¹a
342 2844 484 2924 consule,
502 2866 583 2932 quae
599 2843 703 2921 sciret,
718 2841 853 2920 edicere3
869 2841 978 2905 eadem
993 2839 1069 2921 fere,
1085 2862 1167 2930 quae
1178 2839 1256 2908 Vol-

141 2961 144 2966 ’
183 2952 326 3032 turcius,
348 2951 387 3016 de
407 2951 525 3042 paratis
541 2948 716 3028 incendiis,
732 2949 771 3012 de
787 2947 882 3013 caede
896 2948 1071 3028 bonorum,
1087 2947 1126 3011 de
1141 2949 1255 3012 itinerc

183 3056 336 3137 hostium,
352 3073 497 3123 senatum
513 3058 639 3122 edocet:
656 3071 828 3149 practerea,
843 3079 875 3118 se
892 3057 1021 3116 missum
1037 3079 1057 3116 a
1070 3057 1114 3117 M.
1128 3059 1255 3134 Crasso,

182 3167 240 3251 qui
259 3166 418 3229 Catilinae
435 3169 615 3246 nunciaret,
630 3189 669 3227 ne
686 3189 758 3228 enm
775 3161 941 3238 lemniae,
956 3161 1171 3246 eseetmgas,
1183 3161 1255 3225 alii·

183 3297 244 3357 qae
261 3294 304 3334 ea
319 3275 536 3355 conjuratione
553 3271 742 3356 deprehensi
757 3283 911 3332 terrerent
921 3295 932 3344 ,·
952 3292 1052 3353 coque
1068 3270 1167 3353 magis
1180 3261 1263 3354 pro-⁴

128 3455 133 3461 Ι
181 3358 311 3466 peraret
325 3378 368 3441 ad
384 3379 491 3441 uriam
512 3378 687 3456 adsedere,
710 3401 771 3462 qno
786 3391 827 3465 ‘et
849 3389 1024 3438 ceterarum
1040 3377 1163 3438 animos
1179 3375 1251 3458 refi-

205 3599 216 3632 1
229 3575 275 3632 Illi
287 3588 378 3645 eraut,
391 3574 441 3650 qui
453 3592 487 3631 ex
498 3574 633 3706 inspectis
647 3568 698 3628 lra-
756 3571 774 3628 3
786 3573 900 3629 Aediles
912 3582 993 3628 erant
1003 3571 1193 3645 magistrum,
1204 3568 1254 3642 qui

124 3689 127 3695 ·
182 3654 272 3728 rugis,
282 3654 341 3710 sive
356 3651 526 3717 uisceribus,
562 3650 699 3706 ostiorum
737 3643 1253 3714 aediliciacurabant‚ludossolemnes

183 3727 280 3784 sutura
296 3727 510 3804 praedicebant.
567 3744 570 3753 ·
737 3737 928 3782 etannonam.

203 3804 346 3860 2Liberae
358 3803 503 3860 custodiae
516 3801 695 3868 dicebantur,
753 3799 866 3870 pouia
899 3797 993 3854 onmia
1025 3817 1058 3851 ea
1080 3807 1251 3869 consumpta

184 3898 251 3936 cum
266 3899 333 3936 reus
351 3878 430 3956 apud
439 3880 631 3954 magistratum,
651 3875 697 3934 vel
735 3876 865 3941 fuissent,
877 3875 982 3950 quibus
995 3870 1155 3927 necessario
1169 3870 1253 3946 plebs

183 3954 268 4009 etiam
279 3954 358 4031 apud
369 3956 496 4032 privatos
512 3953 622 4011 nobiles
640 3965 698 4011 tra-
736 3952 844 4026 indiget
856 3951 893 4005 ad
904 3949 1169 4023 cultum,usumque
1179 3966 1253 4024 quo-

184 4029 306 4086 debatur
317 4030 528 4090 custodiendae
578 4072 582 4077 -
665 4066 668 4079 ·
737 4027 886 4086 tidianum.
987 4024 989 4031 '

234 4147 300 4188 m.
757 4148 760 4152 -
999 4081 1103 4194 ¹a¹
