2888 4748
293 405 294 409 r
353 339 660 410 courenorou
682 338 972 425 msroureou
1135 345 1199 414 tos
1252 286 1254 291 ³

143 493 211 560 lum
226 492 455 559 arefaciendum
463 494 605 583 putabat,
614 515 651 556 ex
660 513 723 581 quo
739 507 786 558 tot
799 492 929 559 dissidia
944 493 978 555 in
994 490 1079 559 cives
1091 514 1199 559 mana-

38 586 41 594 ¹
142 615 259 668 terant.
279 601 372 666 Cotta
387 616 509 680 autem,
521 599 607 690 plebi
622 599 729 688 aliquo
745 599 838 664 modo
855 598 1036 701 sptisfaoere
1049 600 1201 688 cupiens,

32 752 34 758 ·
142 707 240 792 legem
256 708 288 769 in
304 708 453 770 concione
470 707 557 786 tulit,
566 721 764 792 repugnante
775 705 1074 792 nobilitate,mogno
1087 707 1201 792 popuii

141 813 258 890 studio,
273 829 308 876 ut
319 814 361 876 ‘iis
377 815 433 899 qui
447 812 691 897 tribuniplebis
704 813 871 896 fuissent,
892 811 973 878 alios
989 835 1118 902 quoque
1132 836 1199 876 muz

138 921 287 1004 piractus
302 943 414 1003 capere
430 919 539 982 liceret
554 935 572 980 ¹.
589 918 783 1002 Huiusmodi
803 918 932 1008 quidem
953 918 1011 983 lex·
1021 918 1107 983 nulli
1130 933 1201 984 erat

141 1026 228 1116 plebi
251 1025 448 1108 adjumento3
472 1039 503 1088 at
526 1025 761 1112 senatus'nihil
792 1027 963 1115 quicquam
992 1025 1022 1089 ei
1050 1025 1085 1090 in
1115 1025 1202 1114 leges

143 1132 307 1196 Cornelias
337 1130 574 1195 concedendum
604 1132 843 1213 arbitrabatur,
879 1153 921 1196 ne
957 1131 1029 1196 hoo'
1056 1132 1205 1222 exemplo

46 1295 48 1300 .
141 1241 175 1302 in
204 1251 366 1327 posterum
396 1236 546 1301 audacior
582 1239 842 1328 pervicaciorque
877 1239 1061 1328 postularat.
1101 1239 1199 1305 Anno

143 1358 354 1432 consequente
369 1367 387 1407 a
411 1343 695 1426 Quintio-tribuno
715 1345 880 1410 eademde
893 1367 1006 1409 caussa
1028 1346 1101 1409 nori
1115 1346 1208 1412 leves.

141 1450 268 1517 excitati
298 1465 423 1530 motus,
453 1474 533 1539 quos
564 1451 720 1516 Lucullus
750 1451 990 1542 potentissimus
1020 1452 1122 1533 civis,
1152 1475 1199 1519 se*
1248 1504 1252 1509 .
1340 1452 1347 1468 ’

141 1556 232 1621 natal
248 1556 376 1622 studens
400 1557 603 1647 compescuit.
628 1557 779 1647 Denique
802 1581 876 1624 cum
898 1558 1050 1623 Licinius·
1071 1558 1209 1631 Maorne

141 1665 288 1729 tribunus
303 1663 405 1730 factus
420 1678 512 1745 esset,
527 1664 622 1729 homo
638 1664 753 1745 audax,
768 1665 1022 1754 ingenioralens
1039 1679 1070 1730 et
1086 1665 1204 1732 illustri
1246 1717 1250 1722 .

142 1770 216 1836 licet
238 1794 350 1860 genere
373 1786 484 1850 natus,
505 1771 666 1834 nobilitati
688 1785 794 1835 tamen
822 1771 1054 1838 infensissimus
1080 1772 1206 1838 nemini·
1259 1774 1264 1783 '

144 1877 282 1954 dubium,
300 1877 379 1957 fuit,
409 1878 487 1966 quin
517 1876 625 1965 plebes
650 1875 689 1941 de
708 1877 895 1944 adversariis
918 1878 1046 1966 plenam
1069 1879 1204 1945 referret
1247 1932 1251 1937 .

145 1985 316 2052 victoriam.
340 1985 389 2047 Re
410 1983 538 2070 quidem
560 2005 635 2048 vera
656 1982 710 2046 ille
726 1996 813 2047 ta'nta
838 1984 937 2046 animi
952 1986 1154 2067 contentione
1170 1998 1210 2072 et
1227 2009 1245 2016 ”

143 2089 319 2181 pertinacia
350 2088 448 2178 plebis
476 2103 582 2176 partes
615 2089 773 2179 suscepit,
804 2097 915 2178 totque
938 2113 972 2154 se
993 2090 1043 2154 illi
1063 2089 1203 2158 fautores

146 2196 329 2287 adstipulati
344 2208 438 2276 sunt,
453 2195 501 2260 uti
517 2208 644 2261 senatus
660 2197 844 2286 graviorum
867 2211 954 2263 metu
975 2197 1205 2278 malorum,:eo
1245 2238 1247 2243 .

133 2304 290 2372 'redactus
305 2303 411 2385 fuerit,
427 2317 588 2370 uteorum
603 2327 685 2393 quae
694 2305 944 2393 postularentur,
960 2305 1134 2394 quidquam
1148 2328 1214 2371 ne·r
1242 2359 1252 2369 ..

141 2435 216 2502 gare
238 2435 270 2476 se
294 2434 352 2476 neo
375 2411 508 2491 debere,
531 2434 590 2491 nec
612 2433 705 2500 posse
735 2425 870 2500 putaret.
895 2413 1051 2500 Rumores
1080 2425 1204 2478 tantum

141 2519 176 2584 in
185 2519 304 2608 populo
317 2519 449 2597 serebat,
458 2538 575 2606 cupere
591 2516 722 2607 seprius
733 2518 1204 2609 Pompejireditum,propensa
1246 2571 1265 2613 ·.

142 2632 226 2690 uerte
242 2626 275 2687 in
297 2625 454 2714 populum
476 2624 638 2690 voluntate
661 2623 819 2705 hominis,
842 2640 1025 2715 expectare,
1048 2649 1142 2716 quam
1150 2615 1156 2652 ¹·
1165 2648 1204 2694 ea
1244 2651 1277 2685 .·

127 2731 238 2798 'dere
260 2731 441 2821 quidquam
460 2745 620 2808 statueret.
646 2732 793 2797 Macrum
816 2754 882 2802 non
910 2732 1005 2797 latuit
1032 2754 1139 2797 omnes
1164 2731 1205 2800 ad
1229 2778 1243 2787 1·

136 2862 265 2904 nomen·
281 2839 427 2928 Pompeii
450 2838 675 2927 conquiescere
686 2867 701 2918 ;¹
711 2839 932 2928 quamobrem,
948 2838 1068 2928 populo
1083 2839 1117 2902 in
1132 2838 1202 2907 foro
1238 2880 1242 2886 ·

81 3008 84 3012 .
141 2955 337 3024 convocato,
350 2945 416 3008 acri
431 2945 573 3010 oratione
588 2945 748 3034 ignaviam
762 2945 812 3008 illi
827 2945 1068 3033 socordiamque
1091 2968 1203 3035 expres
1237 2983 1240 2988 >

140 3052 262 3132 brevit,
286 3051 466 3142 quibusque
496 3052 616 3117 artibus
641 3075 660 3116 a
688 3065 799 3117 senatu
824 3052 1126 3131 circumveniretur,
1148 3074 1202 3141 pa·
1242 3111 1244 3114 ,

140 3157 247 3221 teiecit
261 3175 279 3221 ¹.
294 3159 384 3222 ¹llaec
400 3159 482 3222 inter
497 3159 608 3224 allatae
625 3173 700 3251 supt
715 3182 752 3222 ex
767 3159 919 3247 Pompejo
936 3158 1069 3238 litterae,
1085 3159 1201 3253 quibus

141 3263 330 3351 declarabat,
347 3264 374 3327 si
387 3265 469 3328 nibil
483 3281 557 3327 onte
573 3264 740 3326 adventum
755 3288 847 3327 suum
863 3267 946 3327 inter
958 3265 1083 3350 plebem
1094 3281 1131 3338 ct
1143 3290 1201 3349 pa-

141 3389 204 3436 tres
225 3372 439 3446 convenisset,
462 3392 616 3431 eorumne
639 3368 786 3431 daturum
810 3394 937 3455 operam
955 3379 972 3433 ³.
997 3371 1123 3435 Placuit
1145 3394 1205 3459 por

141 3479 219 3569 pulo
242 3491 279 3542 ut
300 3489 525 3565 expectaretur.
548 3475 660 3562 Neque
673 3476 781 3540 'multo
803 3491 878 3565 post
899 3500 973 3543 cum
997 3479 1030 3541 in
1052 3476 1199 3543 convivio
1234 3515 1236 3521 ·

142 3585 303 3650 Sertorius
319 3608 344 3647 a·
360 3582 426 3647 suis
447 3595 530 3647 esset
550 3582 753 3664 interfectus,
774 3583 868 3648 facile
890 3583 951 3648 fuit
967 3585 1120 3673 Pompeio
1135 3581 1200 3645 bel·
1232 3622 1234 3627 -

141 3690 209 3766 lum
225 3690 435 3780 Hispaniense
450 3689 491 3754 ad
510 3689 628 3756 exitum
646 3691 829 3780 perducere.
847 3690 1080 3759 Tum'Rotnam
1095 3711 1198 3758 rever·

139 3843 283 3952 vlFrng.
305 3878 367 3935 233.
449 3862 452 3868 ⁵
504 3914 507 3926 ι
679 3837 753 3950 pag.
775 3837 873 3946 αο9
933 3838 935 3842 -
985 3855 987 3859 V

106 3985 110 3992 ·
164 3968 180 4005 a
191 3951 291 4008 Oratio
300 3957 337 4012 Μ.
347 3950 445 4011 Licinii
455 3961 488 4008 tr.
498 3947 537 4024 pl.
548 3950 584 4005 ad
592 3946 653 4026 ple'·
688 3960 691 3964 ’
708 3946 736 4020 3Ἰ
746 3946 770 4005 F
771 3967 829 4025 rag.
849 3943 914 4016 55ος

147 4026 214 4095 bem
224 4030 269 4090 De
280 4026 470 4095 destituendo
484 4027 658 4098 Tribunatu,
