2888 4748
512 313 575 383 tn
602 307 637 384 c.
663 301 910 383 cassanum
1190 319 1259 390 aso

195 467 298 539 debm
323 467 387 535 Sed
410 468 451 534 ob
473 469 597 534 easdem
613 493 767 549 caussas,
790 467 917 532 inmane
942 465 1029 532 dictu
1054 479 1120 548 eat,
1144 459 1264 556 quanti*

198 595 230 646 et
252 602 347 669 quam
370 577 462 642 multi
485 577 631 640 mortales
642 586 756 666 'postca
772 575 812 640 ad
828 569 1019 665 Pompeium
1035 567 1258 642 discesserint=

197 710 317 776 eoque,
340 709 397 775 per
421 706 513 749 omne
537 695 661 772 tempus
683 681 779 763 belli,
802 682 894 770 quasi
918 705 1009 746 sacro
1033 696 1131 770 atque
1151 682 1261 772 inspo-

197 794 273 860 liato
296 792 414 872 fanof,
437 790 594 855 debitores
617 789 676 854 usi.
702 788 825 877 Igitur,
846 789 999 876 quoniam
1014 789 1072 852 tibi
1088 788 1204 855 victori
1218 788 1259 853 de

197 901 282 966 bello
313 915 416 988 atque⁸
434 917 513 986 paco
544 896 729 984 agitandum
759 910 824 977 est,
847 895 910 960 boc
932 896 980 960 uti
994 895 1141 963 civiliter
1164 895 1262 985 depo-

198 1031 274 1088 nas,
296 1008 352 1070 illa
375 1019 412 1070 ut
436 1021 532 1093 quam
554 1003 729 1088 justissima
753 1017 785 1067 et
808 1002 960 1066 diuturna
983 1000 1043 1068 sit:
1071 1003 1111 1069 de
1134 1002 1263 1091 teipso

198 1111 460 1205 primum',rqui
484 1133 522 1174 ea
545 1110 779 1198 compositurus
803 1132 854 1188 es,
881 1107 969 1196 quod
992 1109 1151 1199 optimum
1172 1108 1263 1174 lactu

197 1235 262 1300 est,
287 1217 440 1284 existima.
465 1215 623 1307 Equidem
647 1233 704 1304 ego
728 1230 844 1282 cuncta
867 1215 1001 1305 imperia
1016 1212 1177 1299 crudelia,
1200 1236 1266 1281 ma·

196 1327 246 1415 gis
269 1325 401 1415 acerba,
425 1346 522 1413 quam
544 1321 695 1389 diuturna
719 1322 878 1402 arbitr0r3
900 1344 1005 1411 neque
1027 1346 1220 1412 quemquam
1246 1345 1265 1387 a

198 1431 308 1496 multis
323 1430 529 1521 metuendum
544 1452 630 1511 esse,
643 1428 722 1519 quin
738 1427 785 1493 ad·
794 1450 869 1494 eum
883 1450 923 1496 ex
936 1429 1046 1496 multis
1061 1428 1199 1495 formido
1215 1453 1265 1494 re·
1357 1497 1363 1508 ,

199 1537 305 1604 cidat:
330 1561 400 1603 eam
422 1537 520 1604 vitam
542 1536 662 1602 bellum
685 1549 850 1602 aeternum
865 1550 896 1602 et
911 1556 1028 1627 anceps
1043 1558 1173 1626 gerere3
1189 1561 1268 1626 quo-

199 1645 286 1710 niam
302 1668 408 1739 neque
424 1643 594 1726 adversus,
616 1665 720 1733 neque
741 1643 782 1709 ab
805 1656 893 1732 tergo
918 1657 974 1710 aut
1002 1643 1155 1712 lateribus
1177 1657 1268 1711 tutus

199 1753 262 1833 sis,
278 1775 403 1840 semper
419 1752 453 1815 in
469 1750 613 1841 periculo
634 1764 689 1816 aut
708 1764 795 1815 metu
810 1750 919 1838 agites.

242 1859 285 1924 V.
313 1859 451 1938 Contra,
475 1857 533 1945 qui
547 1856 740 1947 benignitate
757 1868 789 1921 et
811 1855 980 1924 clementia
999 1855 1173 1948 imperium
1192 1872 1270 1924 tem·

198 1987 361 2055 peravere,
384 1963 435 2028 his
459 1962 542 2028 laeta
565 1976 597 2028 et
622 1959 781 2029 cndida³
804 1962 912 2028 omnia
933 1964 1018 2045 ¹visu,
1042 1965 1137 2031 etiam
1159 1966 1269 2032 hostes
1325 1975 1331 1987 '

200 2072 387 2160 aequiores,
411 2093 508 2160 quam
531 2069 601 2136 aliis
624 2068 718 2138 cives.
743 2063 797 2135 A'n
821 2070 878 2160 qui
901 2093 953 2137 me
974 2070 1026 2138 his
1042 2072 1135 2138 dietis
1158 2092 1270 2138 eorru·
1304 2081 1308 2087 '

199 2192 327 2269 ptorem
352 2177 503 2244 victoriae
526 2190 619 2260 tuae,
642 2177 802 2268 nimisque
824 2176 860 2242 in
882 2178 983 2248 victos
1005 2179 1091 2245 bons
1105 2179 1271 2247 voluntate

121 2271 122 2274 Ἴ
200 2283 410 2376 praedicent?
428 2284 558 2354 Scilicet
573 2284 659 2376 quod
673 2309 729 2366 ea,
744 2306 827 2374 quae
842 2274 977 2351 externis
993 2284 1195 2369 nationibus,
1216 2310 1270 2352 na-

201 2409 275 2459 tura
298 2393 462 2474 hostibus,
482 2416 604 2482 nosque
619 2396 820 2482 majoresque
835 2392 934 2458 nostri
951 2416 1044 2483 saepe
1060 2393 1216 2474 tribuere,
1234 2415 1271 2460 ea

202 2496 326 2569 civibus
350 2500 456 2565 danda
480 2499 636 2580 arbitror;
657 2522 762 2590 neque
784 2499 919 2566 barbaro
933 2499 999 2565 ritu
1022 2500 1118 2567 caede
1142 2501 1272 2567 caedem
1363 2553 1368 2568 t

107 2690 109 2694 Ι
205 2623 238 2672 et
260 2608 414 2697 sanguine
438 2608 625 2698 sanguinem
652 2607 851 2697 expiandum
876 2604 930 2671 An
953 2606 1032 2689 illa,
1055 2631 1137 2697 quae
1160 2608 1272 2699 paullo

146 2706 149 2709 “
206 2729 279 2779 ante
303 2715 364 2780 boc
382 2715 505 2780 bellum
525 2715 560 2780 in
578 2716 636 2781 Cn.
653 2713 844 2805 Pompeium
857 2713 1087 2804 victoriamque
1105 2714 1272 2780 Sullanam

206 2821 470 2910 increpabantur,
494 2822 614 2891 oblivio
636 2821 827 2912 intercepit?
850 2821 1049 2903 Domitium,
1074 2822 1287 2904 Carbonem..

207 2928 343 2994 Brutum
356 2938 385 3010 ⁴,
408 2929 488 2996 alios
511 2929 589 2996 item
611 2952 677 2998 non
700 2943 837 2996 armatos
861 2929 1020 3019 usquein
1043 2917 1172 3019 proelio
1192 2929 1272 2996 belli

223 3129 234 3166 1
256 3109 375 3168 Plurimi
387 3111 530 3172 debitores
541 3109 577 3169 ad
589 3113 712 3193 Pompe·
749 3122 868 3190 captum
878 3117 889 3186 ]
899 3155 907 3182 ‚
918 3111 1057 3202 produxit
1073 3111 1105 3168 in
1124 3102 1266 3182 medium,

201 3187 272 3260 jum,
284 3198 421 3261 tanquam
432 3188 469 3248 ad
486 3191 599 3266 asylum
610 3191 711 3250 confu-
748 3192 844 3249 vnum
855 3187 960 3264 triplrci
979 3189 1120 3264 insignem
1132 3185 1269 3242 consula·

202 3261 326 3336 giebnnt.
558 3299 560 3302 -
601 3299 606 3312 ·
748 3277 791 3333 tu,
804 3284 928 3340 eumque
940 3280 1037 3320 coram
1049 3275 1172 3320 stantem
1183 3261 1268 3391 ipse,

181 3384 190 3395 ,,
214 3352 238 3390 a
258 3335 366 3403 Judiee
377 3348 407 3394 et
417 3339 576 3397 considera
584 3346 712 3416 primum
749 3340 900 3396 tribunitio
913 3336 1047 3396 subsellio
1060 3337 1172 3405 sedens,
1203 3357 1267 3392 am-

202 3414 331 3468 omnium
349 3415 423 3491 quid
434 3415 499 3470 ‘tibi
517 3419 574 3488 ipst‘
586 3418 711 3491 sacien-
749 3415 843 3482 navit;
856 3413 912 3472 hoe
924 3415 1048 3491 graviter
1066 3414 1117 3489 qui
1129 3411 1270 3480 aderant,

200 3487 270 3543 dum
282 3495 312 3542 et
322 3490 396 3564 quid
406 3493 546 3563 optimum
552 3493 644 3564 sactu
655 3496 710 3556 sit,
749 3490 924 3566 indigneque
946 3488 1169 3549 terentibus..-
1187 3487 1271 3543 Plus<

201 3572 300 3618 astrum
311 3564 527 3635 crudelitatem,
536 3587 576 3622 art
586 3568 714 3624 elemen-
752 3570 784 3622 irs
794 3568 901 3642 Pomp.

202 3642 275 3694 tiam
287 3657 436 3696 exercere.
768 3684 771 3691 ,
792 3643 899 3701 Brutus
921 3643 1053 3700 obsessus
1073 3639 1201 3700 Mutinae
1224 3656 1272 3696 sa-
1379 3696 1381 3700 .

156 3727 160 3740 ·-
222 3712 318 3770 3Pr0
327 3719 437 3792 fausta
458 3736 491 3773 ac
499 3717 642 3792 felicia(
753 3707 844 3775 lutens
866 3738 946 3775 susm
974 3715 1155 3791 militumque
1182 3715 1272 3771 Pom·

222 3788 241 3858 4
260 3792 290 3844 L.
304 3792 444 3847 Domitius
455 3792 485 3847 in
501 3792 713 3853 sedernVestue
750 3797 818 3869 peJn
829 3793 985 3850 commisit:
998 3790 1112 3857 deinde,
1123 3790 1271 3866 equitibus

202 3863 325 3937 fugiens,
336 3870 415 3939 jussu
428 3869 509 3923 Marii
521 3869 624 3946 inipso
636 3869 714 3925 aedis
752 3869 925 3943 quibusdam
936 3867 1110 3943 praemissis,
1123 3866 1270 3948 Rhegium

207 3939 350 3996 vestibulo
367 3943 478 4004 occisus
497 3957 546 4000 est
564 3945 718 4020 Pompejus
756 3945 907 4009 abscessit,
931 3944 982 4000 ubi
1004 3943 1229 4019 P0¹¹¹P0lll¹¹⁵⁸¹¹
1252 3963 1271 3998 ⁸

209 4013 374 4078 Carbonem
404 4018 512 4080 rictum
542 4021 718 4091 [tesserae
757 4018 883 4096 quodtm
895 4018 1212 4091 Gemiulwcclssffiffll·
1225 4017 1272 4073 ¹3¹
