2888 4748
230 371 271 417 ro
572 346 609 413 G.
635 346 671 414 G.
696 345 944 416 sannusrtt

227 501 307 582 sito,
331 499 365 564 in
380 496 525 565 Africam
547 497 609 565 iter
633 522 708 566 cnm
732 502 891 581 exercitu,
908 497 1062 567 Sallustio
1081 499 1217 585 comite,
1229 525 1308 576 con·

226 624 337 692 tendit
363 624 616 723 Discessumque
646 623 915 715 improperavit,
945 639 981 690 ut
1009 629 1202 694 commeatui
1229 629 1309 697 satis

225 748 410 841 prospicere
426 748 615 837 nequiverit
633 749 759 832 Quare,
783 764 916 838 urgente
931 772 1077 815 annonae
1097 748 1308 836 difficultate,

227 872 381 939 Sallustio
408 872 461 936 cui
484 871 620 936 maxime
644 871 779 953 fidebat,
803 874 965 964 negotium
983 872 1055 953 dat,
1075 888 1113 938 nt
1127 896 1201 939 cum
1216 889 1307 966 parte

226 996 359 1062 navium
383 993 423 1058 ad
449 994 618 1060 Cercinam
642 996 797 1076 insulam,
822 1020 918 1086 quam
943 996 1116 1062 adversarii
1140 999 1308 1083 tenebant,

227 1118 463 1210 proficiscatur,
472 1119 559 1208 quod
575 1118 620 1183 ibi
637 1141 783 1209 magnam
800 1119 954 1186 frumenti
970 1121 1096 1210 copiam
1112 1145 1182 1186 esse
1197 1123 1307 1188 audie·

167 1327 169 1332 ,
228 1241 292 1308 bat
309 1238 476 1328 Equitem,
500 1244 545 1309 ait
562 1243 698 1323 Caesar,
714 1269 776 1307 non
791 1243 954 1330 perpendo
959 1247 1041 1330 fieri
1056 1248 1212 1330 imperata
1233 1271 1306 1334 pos-

228 1368 294 1432 sint
308 1391 367 1430 nec
384 1392 443 1445 ne3
460 1369 525 1445 ito,
540 1384 733 1432 commeatus
749 1369 833 1452 esser
842 1397 852 1445 ,-
873 1369 976 1430 Iocum
992 1369 1119 1431 nullum
1135 1372 1303 1434 excusatio

227 1489 346 1568 liabet,
361 1515 419 1553 nec
436 1516 555 1553 morum
570 1494 695 1576 potitur
710 1497 728 1553 ¹.
752 1490 800 1554 Ex
817 1490 878 1554 hoc
903 1506 989 1556 certa
1009 1495 1193 1576 conjectura
1211 1492 1304 1558 intel·

225 1613 283 1703 ligi
306 1628 410 1704 potest
432 1615 545 1702 quanti
571 1614 743 1678 Sallustius
772 1637 790 1677 a
816 1613 952 1678 Caesare
982 1613 1097 1679 fieret:
1121 1616 1238 1680 etenim
1267 1617 1305 1682 in

228 1724 339 1802 hostili
354 1739 494 1825 regione,
509 1737 638 1801 cibariis
652 1735 886 1816 deficientibus,
901 1760 974 1801 cum
987 1739 1229 1826 personarium
1245 1762 1305 1805 nu·

228 1883 316 1925 mero
346 1883 415 1925 sese
445 1861 683 1948 exercitumque
713 1863 782 1943 ejus
806 1857 882 1924 fidei
905 1860 1081 1949 virtutique
1097 1861 1303 1928 concredidit.

228 1984 368 2048 Maxima
383 2008 461 2049 usus
478 1985 637 2049 ceieritate
653 2006 691 2046 eo
709 1982 882 2048 Sallustius
898 1983 1075 2071 navigavit3
1095 1984 1146 2049 vix
1163 1983 1239 2049 dum
1255 1984 1304 2049 in·

228 2107 316 2173 sulae
332 2106 656 2196 appropinquaverat,
664 2129 738 2169 cum
747 2105 926 2185 Decimius,
940 2105 997 2194 qui
1013 2107 1205 2172 commeatui
1212 2130 1303 2197 prae·

227 2246 311 2312 erat,
334 2231 434 2294 classe
459 2229 648 2296 adventante
664 2229 831 2292 exterritus
856 2252 889 2293 se
906 2228 1000 2317 fugae
1016 2228 1224 2294 commendat
1250 2230 1303 2296 Iu·
1386 2322 1389 2326 ι

226 2356 320 2419 terim
345 2353 517 2419 Sallustius
542 2376 561 2416 a
586 2351 834 2416 Cercinnatibus
849 2365 1019 2441 receptus,
1034 2375 1148 2442 magno
1165 2375 1308 2420 numero·

225 2478 378 2547 frumeuti
391 2478 638 2556 invento,naves
651 2476 812 2540 onerarias
829 2475 968 2564 complet
982 2490 1077 2565 atque
1093 2477 1127 2541 in
1142 2490 1245 2542 castra
1260 2476 1303 2545 ad

227 2602 397 2666 Gaesarem
424 2599 529 2662 mittit
562 2599 675 2687 Itaque
698 2598 877 2664 necessario
902 2614 1080 2665 commeatu
1105 2599 1231 2666 abunde
1253 2601 1302 2666 i'u·

225 2722 339 2789 structi
362 2723 422 2786 iter
436 2721 469 2784 in
483 2721 590 2786 hostes
610 2700 837 2810 perrexerunt3
861 2722 978 2810 quibus
1002 2720 1199 2812 profligatis,
1214 2723 1301 2789 Afri·-

221 2867 293 2918 oam
317 2845 527 2933 subegerunt,
550 2859 582 2908 et
606 2845 833 2909 Mauritaniam
848 2846 881 2908 in
895 2845 1081 2934 provinciae
1094 2845 1229 2912 formam
1250 2870 1299 2914 re-

222 2969 386 3058 degerunt
419 2965 592 3031 Sallustius
624 2967 744 3057 quippe
773 2968 831 3058 qui
860 2969 974 3034 victori
1005 2991 1070 3034 non
1100 2969 1162 3035 levi
1193 2969 1299 3036 fuerat

221 3093 432 3176 adjumento,
460 3090 663 3181 proconsulis
694 3092 823 3157 nomine
853 3091 884 3156 ei
912 3092 1099 3180 provinciae
1128 3093 1297 3162 universae

220 3214 400 3307 praefectus
423 3228 471 3280 est
484 3217 508 3293 ⁸,
531 3237 613 3304 quae
638 3237 726 3281 oram
751 3214 881 3280 Africae
904 3215 1095 3282 maritimam
1119 3238 1138 3280 a
1163 3215 1299 3284 Cartha·

220 3361 294 3429 grue
318 3361 420 3427 usque
445 3336 485 3401 ad
509 3361 664 3403 oceanum
688 3337 967 3428 complectebatur.
985 3339 1069 3406 Cum
1091 3361 1166 3429 ergo
1190 3339 1220 3404 ei
1244 3362 1297 3407 su·

219 3463 325 3528 besset
349 3459 511 3540 Numidia,
534 3461 582 3526 illi
606 3462 639 3525 in
663 3476 801 3528 mentem
825 3463 912 3529 venit
935 3463 1055 3527 bellum
1079 3485 1097 3526 a
1121 3462 1301 3552 Jugurtha,

219 3587 276 3676 qui
292 3585 424 3650 ultimus
441 3607 552 3648 eorum
567 3607 678 3673 regum
694 3584 808 3666 iuerat,
825 3585 976 3652 adversus
993 3585 1156 3650 Romanos
1169 3600 1297 3674 gestum

218 3707 519 3796 describere3quod
539 3708 669 3795 quidem
692 3709 825 3774 vetustis
849 3712 919 3793 ejus
942 3709 1082 3799 regionis
1105 3730 1297 3773 monumen*¹

218 3830 272 3911 tis,
295 3846 408 3896 natura
432 3845 464 3896 et
486 3831 629 3896 moribus
653 3831 832 3898 incolarum
855 3823 1030 3923 inspectis,
1053 3831 1212 3922 locisque,
1235 3829 1307 3903 ubi'

239 4085 250 4121 1
273 4065 383 4123 Hirtius
403 4064 438 4124 de
458 4064 535 4123 bello
553 4065 613 4125 lsr.
635 4086 659 4126 c.
680 4068 708 4126 8.
795 4085 812 4126 a
833 4066 911 4124 Dion
931 4066 1011 4127 Cass.
1031 4045 1050 4127 t
1070 4064 1117 4141 45.
