2888 4748
246 334 285 405 so
516 335 553 398 c.
579 330 727 398 careri
752 280 1017 397 saxeusrn'

240 502 346 563 reret,
367 500 401 548 et
415 483 611 568 illisacilius
627 508 644 552 e
658 481 803 568 periculo
818 484 1025 568 eriperentur.
1049 477 1132 559 Sed,
1155 477 1211 543 ubi
1236 479 1315 545 Tar·

241 593 373 682 quinius
398 591 550 656 Crassum
572 588 766 670 nominavit,
786 587 948 653 bominem
970 587 1135 666 nobilem,
1155 587 1316 654 maxumis

239 698 377 777 divitiis,
399 721 522 763 summa
537 697 699 786 potentia3
721 693 777 759 alii
792 718 859 760 rem
873 693 1093 760 incredibilem
1113 693 1196 771 rati3
1218 717 1315 784 pars,
1344 681 1347 686 ¹

240 807 365 872 tametsi
388 826 500 872 rerum
523 802 771 881 existumabant,
792 816 917 882 tamen,
943 800 1020 892 quia
1041 801 1075 865 in
1096 800 1153 864 tali
1172 815 1316 891 tempore

241 928 329 978 tanta
343 913 392 979 vis
407 911 547 979 hominis
563 910 664 999 magis
679 909 849 990 leniunda,
871 932 968 998 quam
987 907 1174 997 exagitanda
1188 894 1317 975 rideba-

240 1034 305 1100 tur,
313 1018 459 1109 plerique
469 1017 586 1082 Crasso
602 1040 640 1081 ex
652 1015 787 1105 negotiis
801 1015 935 1105 privatis
951 1014 1090 1096 obnoxii,
1098 1014 1317 1079 conclamant:

241 1127 379 1191 indicem
389 1126 517 1209 salsum
536 1148 625 1201 esre3
647 1123 750 1212 deque
765 1145 802 1187 ca
817 1145 852 1187 re
868 1126 876 1150 ¹
891 1121 1056 1211 postulant
1079 1121 1128 1186 uti
1150 1119 1315 1186 referatur.

242 1233 367 1320 ltaque',
377 1231 563 1296 consulente
574 1229 740 1310 Cicerone,
751 1229 900 1318 frequens
917 1243 1045 1294 senatus
1059 1227 1222 1294 decernit:
1241 1232 1316 1291 Tor·

241 1340 348 1426 quinii
362 1339 516 1401 indicium
523 1338 651 1422 salsum
668 1336 767 1401 videri
777 1365 788 1416 ,-
809 1361 944 1422 eumque
969 1339 1002 1399 in
1026 1336 1161 1400 vinculis
1177 1337 1316 1399 retinen-

241 1446 317 1509 dum
330 1475 340 1524 ς
364 1469 466 1531 neque
491 1445 629 1531 amplius
651 1459 839 1530 potestatem
853 1443 1050 1527 faciundam
1069 1448 1104 1521 ²,
1127 1444 1192 1506 nisi
1214 1442 1253 1505 de
1277 1465 1317 1504 eo

242 1553 422 1631 indicaret,
446 1555 538 1635 eujus
562 1552 695 1614 consilio
720 1566 842 1614 tantam
858 1575 923 1613 rem
939 1565 1021 1632 esset
1037 1551 1197 1614 mentitus.
1214 1548 1318 1612 Erant

242 1683 279 1725 eo
295 1673 449 1748 tempore,
465 1659 523 1747 qui
538 1657 775 1736 existumarent,
790 1656 946 1721 indicium
966 1656 1047 1722 illud
1070 1679 1088 1720 a
1105 1657 1140 1720 P.
1154 1654 1317 1720 Autronio
1331 1675 1343 1717 ι·

243 1765 482 1844 machinatum,
498 1788 563 1854 quo
578 1764 720 1844 facilius,
736 1763 894 1853 adpellato
911 1764 1048 1843 Crasso,
1063 1787 1120 1852 per
1135 1763 1317 1828 societatem

243 1872 380 1962 periculi
400 1871 540 1960 reliquos
564 1871 651 1935 illius
675 1871 818 1960 potentia
841 1884 967 1959 tegeret
985 1870 1052 1934 Alii
1069 1868 1282 1958 Tarquinium
1298 1892 1320 1932 a

246 1979 403 2044 Cicerone
418 1979 587 2043 inmissum
600 1983 612 2020 ³
628 1978 814 2061 ajebant,ne
831 1979 1074 2057 Crassus,more
1090 2001 1160 2057 suo,
1168 1987 1318 2065 suscepto

170 2124 172 2129 ·
244 2085 403 2152 malorum
416 2085 607 2176 patrocinio,
616 2084 861 2174 Rempublicam
874 2086 1086 2169 conturbaret.
1102 2085 1214 2174 Ipsum
1224 2082 1318 2147 Cras·

175 2202 181 2214 ’
245 2217 318 2260 sum
333 2217 391 2282 ego
407 2207 518 2283 postea
532 2191 768 2282 praedicantem
784 2191 903 2272 audivi,
917 2207 1037 2256 tantam
1052 2191 1139 2257 illam
1156 2204 1318 2254 contume-

242 2302 320 2366 liam
343 2301 404 2367 sibi
427 2301 467 2364 ab
483 2299 639 2364 Cicerone
654 2299 834 2389 inpositam.
854 2299 918 2364 Sed
933 2299 1046 2362 iisdem
1062 2296 1259 2386 temporibus
1271 2297 1317 2379 Q.

246 2407 408 2475 Catulus⁴
431 2422 462 2473 et
487 2408 523 2472 C.
541 2407 616 2472 Piso
631 2403 642 2440 ⁸
657 2430 761 2496 neque
777 2407 896 2496 gratia,
911 2430 1015 2495 neque
1030 2405 1199 2496 precibus,
1213 2425 1318 2492 neque

244 2516 347 2606 pretio
366 2516 555 2581 Ciceronem
570 2515 722 2605 inpellere
738 2529 890 2606 potuere,
905 2514 952 2579 uti
968 2537 1026 2604 per
1042 2513 1247 2602 Allobroges,
1262 2523 1318 2576 aut

244 2623 345 2686 alium
359 2622 516 2703 indicem,
533 2623 569 2686 C.
587 2623 705 2687 Caesar
719 2619 731 2654 ⁶
745 2623 826 2689 falso
840 2622 1068 2687 nominaretur.
1085 2621 1168 2685 Nam
1182 2635 1318 2709 uterque

246 2751 320 2792 cum
335 2729 391 2793 illo
406 2730 511 2818 gravis
526 2729 710 2795 inimicitias
726 2731 923 2796 exercebant:
934 2728 1028 2810 ·Piso,
1041 2729 1244 2820 obpugnatus
1258 2732 1269 2767 ⁷
1282 2727 1317 2792 in

246 2835 368 2918 judicio
384 2836 644 2925 repetundarum,
660 2851 790 2926 propter
804 2837 972 2922 cujusdam
982 2836 1204 2926 Transpadani
1217 2835 1228 2872 ⁸
1243 2858 1319 2924 sup·

243 2941 379 3034 plicium
400 2942 577 3028 injustum:
595 2942 755 3025 Catulus,
778 2967 816 3010 ex
838 2945 991 3035 petitione
1014 2941 1219 3036 pontificatus
1242 2941 1317 3010 odio

268 3221 278 3256 1
302 3199 346 3258 De
363 3200 483 3258 salsitate
499 3199 610 3271 indicis,
621 3200 710 3259 veluti
727 3199 763 3258 de
800 3202 1317 3277 vituniversaconci02Te,().Catule,

247 3276 453 3334 calumniatore
464 3290 575 3352 agatur.
820 3279 837 3336 5
859 3279 969 3336 Consul
990 3281 1044 3338 fuit
1065 3299 1131 3338 cum
1144 3279 1319 3349 Glabrione,

266 3371 282 3408 α
303 3352 382 3410 Idest
397 3353 517 3410 ulterius
527 3352 665 3428 loquendi
676 3355 706 3411 in
718 3373 761 3410 se·
801 3353 1259 3423 deindeGalliarnadrninistravit,
1267 3356 1321 3411 ubi

245 3441 335 3498 natu,
352 3442 403 3485 out
417 3429 574 3505 quicquam
583 3429 617 3486 de
630 3434 763 3508 conjura·
802 3431 1054 3508 Transpadanurn,
1071 3433 1177 3510 dequo
1193 3432 1240 3488 hic
1259 3432 1320 3509 agi-

244 3505 323 3561 tione
338 3503 461 3562 dicendi.
566 3519 569 3527 “
802 3521 862 3577 tur,
874 3522 965 3566 morte
977 3509 1079 3568 affecit.

263 3580 281 3637 3
303 3580 482 3658 Delegatum.
820 3585 839 3641 6
859 3584 913 3640 Hic
932 3584 979 3643 ille
999 3587 1128 3652 Caesar,
1152 3584 1221 3659 qui,
1243 3582 1320 3640 victo

264 3656 434 3728 domnium
445 3652 763 3736 conlessioneprineeps
800 3661 958 3736 Pompeio,
986 3663 1099 3738 primus
1120 3662 1320 3717 Romanorum

246 3746 370 3801 senatus,
380 3734 519 3801 eui,cum
528 3731 637 3788 bellurn
654 3734 762 3788 mariti-
800 3736 957 3812 imperator
975 3737 1037 3797 suit.

245 3826 326 3864 mum
356 3810 494 3884 Pompcjo
527 3807 765 3866 committendum
822 3812 1109 3889 yldestaCaesare.

246 3882 458 3952 dehortaretur,
476 3882 708 3960 addidissetque:
732 3888 766 3939 Si
823 3893 839 3944 8
861 3888 1087 3966 Transpadanus
1109 3901 1152 3945 est
1174 3888 1225 3964 qui
1242 3899 1322 3943 trans

246 3959 765 4037 quidsuieacciderit;queminejus
803 3963 915 4021 Padurn
934 3965 1040 4021 flumen
1060 3964 1191 4032 habitat,
1213 3965 1322 4021 Rornae

246 4035 586 4094 locumsubrtitueritis?
600 4037 765 4094 Succlarna·
802 4039 901 4097 habita
913 4042 1042 4099 ratione„
