2888 4748
214 329 257 418 76
500 329 536 394 e.
563 321 710 397 arisel
736 326 980 395 steuusru

207 478 304 543 nutui
332 477 515 565 populoque
541 482 681 543 Romano
705 481 774 559 sit,
806 504 929 544 summa
951 505 1009 566 ope
1033 478 1181 542 nitemur.
1214 478 1287 544 Titi

209 588 337 675 quidem
351 610 410 673 pra
425 602 534 651 nostra
550 591 693 652 amicitia
706 587 913 674 gratulor3en
923 586 1020 652 habes
1037 588 1136 649 virum
1151 586 1288 673 dignum

208 708 240 763 te
252 711 372 782 ,atque
388 719 445 759 asa
460 719 517 758 sue
534 698 725 759 Masinissa.
733 695 836 784 Igitur
857 717 930 775 rex,
952 694 1009 759 ubi
1032 717 1069 758 ea
1092 715 1176 782 quae
1199 691 1284 759 fama

208 816 394 893 acceperat,
410 825 447 866 ex
460 801 596 866 litteris
587 803 788 892 imperatoris
804 802 849 866 ita
863 824 932 866 esse
947 799 1117 891 cognovit,
1131 821 1206 865 cum
1221 801 1288 868 vir

209 922 279 975 tute
300 909 381 989 viri,
400 922 469 973 tum
484 908 608 995 gratia¹
623 925 808 1013 permotus,
832 909 919 973 flexit
935 908 1077 973 animum
1091 911 1233 987 '3euum
1253 922 1287 974 et

211 1004 407 1105 jugurtham
421 1014 630 1081 benefieiis
600 1040 729 1082 vincere
745 1016 913 1106 adgressus
929 1032 997 1082 est:
1018 1015 1188 1104 statimque
1209 1038 1284 1080 eum

210 1124 399 1214 adoptavit,
422 1137 454 1188 et
475 1138 662 1191 testamento
685 1123 805 1216 pariter
829 1147 904 1189 eum
926 1122 1002 1189 filiis
1025 1121 1203 1190 heredem
1192 1122 1284 1187 insti·

210 1232 280 1295 tuit.
306 1230 371 1295 Sed
384 1231 454 1321 ipse
468 1254 589 1320 paucas
603 1246 677 1322 post
692 1255 810 1312 annos,
833 1231 944 1296 morbo
968 1245 1063 1319 atque
1086 1243 1189 1295 aetate
1208 1253 1284 1295 eun·

210 1339 332 1418 fectus,
354 1354 428 1403 cum
446 1338 507 1402 sibi
522 1337 619 1402 finem
635 1340 720 1407 vitae
735 1339 844 1408 adesse
864 1339 1066 1427 intelligeret,
1082 1359 1190 1401 caram
1204 1336 1284 1401 emi·

210 1444 256 1510 eis
270 1459 301 1509 et
316 1445 469 1533 cognatis,
482 1445 621 1534 itemque
634 1446 808 1511 Atherbale
824 1460 855 1510 et
865 1445 1050 1535 Hiempsale
1064 1443 1152 1526 filiis,
1165 1443 1287 1509 dicitur

209 1549 432 1636 hujuscemodi
447 1551 543 1618 verba
558 1575 632 1617 eum
648 1553 811 1639 Jugurtha
826 1552 985 1618 habuisse.

256 1660 300 1722 Χ,
324 1663 460 1722 Parvum
475 1683 530 1745 ega
546 1675 575 1723 te
587 1709 597 1738 ,
611 1660 780 1747 Iugurtha,
795 1663 911 1725 amissa
923 1677 1016 1747 patre
1021 1711 1030 1742 ,
1044 1662 1114 1724 sine
1127 1685 1182 1746 spe
1187 1709 1199 1741 ,<
1212 1661 1284 1724 sine

207 1767 341 1851 apibus,
357 1769 391 1830 in
407 1791 511 1831 meum
526 1786 656 1854 regnum
672 1771 803 1854 accepi,
820 1771 1019 1832 existumans
1033 1793 1096 1832 non
1111 1771 1218 1832 minus
1231 1789 1284 1833 me

209 1873 288 1952 tibi,
309 1899 405 1961 quam
419 1875 528 1958 liberis
541 1925 551 1954 ,
566 1878 595 1940 si
606 1879 807 1963 genuissem,
829 1876 867 1939 ab
889 1876 1044 1960 beneficia
1060 1897 1170 1940 carum
1181 1877 1287 1960 sere:

208 2006 311 2068 neque
328 2007 367 2046 ea
382 2007 431 2047 res
436 1983 565 2067 falsum
581 2009 629 2048 me
646 1983 767 2048 habuit.
780 1988 875 2064 Nam,
888 1999 924 2048 ut
938 1984 1007 2047 alia
1022 2007 1138 2070 magne
1151 1998 1183 2046 et
1197 1994 1284 2069 egre-

204 2092 260 2176 gia
283 2082 341 2154 tua
354 2091 511 2175 facinora
534 2094 697 2173 emittam,
720 2094 915 2172 novissume,
938 2092 1064 2156 rediens
1086 2092 1284 2168 Numantia,

207 2221 320 2284 meque
344 2222 537 2286 regnumque
560 2224 664 2277 meum
683 2200 788 2286 gloria
803 2199 996 2263 honoravisti
1006 2248 1016 2277 ,
1031 2215 1149 2285 tuaque
1166 2201 1283 2262 uirtute

207 2286 298 2374 nabis
315 2310 471 2370 Romanas
496 2332 539 2370 eac
562 2310 674 2371 amieis
693 2309 909 2372 amicissumos
922 2307 1056 2389 fecisti:
1072 2309 1106 2370 in
1123 2308 1282 2391 Hispania

207 2430 323 2477 nomen
336 2415 491 2498 familiae
516 2433 699 2481 renovatum
723 2431 771 2480 est
793 2411 822 2478 ³:
843 2429 1019 2501 postremo,
1043 2413 1129 2500 quod
1152 2413 1284 2498 difficit-

116 2570 119 2577 .
207 2521 330 2584 lumum
355 2524 438 2587 inter
461 2524 605 2587 martulis
636 2540 708 2603 est,
728 2524 833 2609 glon'a
856 2522 1007 2585 invidiam
1032 2522 1141 2584 uicisti.
1167 2525 1260 2585 Nunc
1273 2569 1284 2599 ,

106 2681 115 2688 .
142 2642 146 2647 '
182 2715 185 2724 Ι
207 2632 361 2716 quoniam
377 2630 457 2694 mihi
472 2632 699 2715 naturafinem
716 2632 892 2715 citaesacit
902 2679 912 2708 ,
924 2654 983 2715 per
997 2629 1079 2692 hanc
1094 2629 1243 2693 dextram
1258 2623 1288 2706 ⁴,

205 2761 266 2822 pes·
286 2739 382 2823 regni
386 2738 490 2822 fidem
506 2749 518 2785 ⁵
532 2761 643 2803 maneo
665 2739 862 2826 obtestorque
873 2750 890 2817 ,¹
906 2740 955 2801 uti
976 2737 1032 2801 hos
1042 2786 1051 2817 ,
1067 2739 1129 2823 qui
1149 2736 1210 2801 titi
1229 2760 1286 2822 ge·

207 2869 283 2908 tzere
306 2848 499 2930 propinqui,
515 2844 667 2930 beneficio
687 2867 755 2910 meo
771 2841 911 2930 ‘fratres
931 2861 1023 2925 sunt,
1036 2870 1126 2910 caras
1142 2844 1285 2908 habeas:

206 2976 270 3016 neu
300 2953 394 3015 malis
422 2953 545 3016 alienes
569 2953 771 3040 adjungere,
794 2979 889 3041 quam
917 2957 1070 3042 sanguine
1096 2956 1280 3036 conjunctos

207 3063 354 3124 retinere.
377 3063 448 3126 Non
471 3063 661 3140 exercitus,
688 3086 791 3148 neque
816 3061 985 3141 thesauri,
1008 3059 1170 3147 praesidia
1191 3060 1283 3145 regni

205 3183 300 3244 sunt,
320 3192 425 3230 cerum
450 3171 565 3248 amici,
587 3193 665 3256 quos
689 3193 792 3256 neque
814 3172 910 3232 armis
934 3193 1042 3255 cogere
1053 3217 1064 3246 ,
1082 3191 1185 3253 neque
1201 3192 1283 3232 aura

203 3299 321 3362 parare
345 3298 470 3360 queas:
499 3277 604 3360 officia
626 3291 659 3340 et
671 3278 742 3361 fide
763 3280 945 3363 pariuntur.
975 3277 1051 3357 Quis
1074 3291 1181 3340 autem
1203 3279 1284 3340 ami·

204 3385 272 3446 cicr
281 3431 290 3462 ,
306 3405 402 3468 quam
411 3385 522 3466 frater
525 3385 630 3469 fratri
635 3389 651 3446 1²
667 3401 724 3449 aut
742 3409 835 3473 quem
857 3384 1000 3448 alienum
1009 3384 1113 3468 fidum
1128 3385 1285 3464 invenies,

189 3634 190 3639 ,
226 3602 235 3637 r
260 3583 337 3639 Cum
347 3579 521 3668 Jugurthem
541 3594 653 3656 gratum
675 3602 722 3637 ac
780 3580 799 3652 4
818 3581 1042 3669 Intelligendum
1055 3595 1097 3638 est
1107 3578 1284 3657 Jugurthsm

203 3673 378 3735 ceptumque
399 3677 459 3714 esse
482 3657 566 3713 sciret
587 3670 646 3717 tam
665 3658 726 3714 suis
762 3658 897 3734 Micipsae
916 3679 1034 3714 arianum
1051 3658 1192 3726 tenuisse,
1212 3655 1286 3712 dum

202 3734 403 3822 popularibus.
416 3754 505 3809 quum
516 3733 659 3791 Romanis
762 3733 834 3789 haec
845 3733 959 3793 diceret

222 3830 240 3865 u
258 3811 304 3865 sd
316 3809 370 3865 alia
383 3809 499 3866 consilia
511 3811 663 3868 revocavit.
778 3809 795 3866 5
806 3812 860 3865 Per
869 3810 956 3867 fidem
967 3831 1041 3886 quae
1051 3830 1141 3886 regno
1150 3808 1284 3867 debetne

220 3885 238 3940 3
259 3886 407 3941 Masinissa
425 3887 500 3941 euim
512 3885 621 3942 multa
613 3905 643 3940 m
654 3885 720 3940 His·
777 3888 795 3941 6
807 3887 841 3941 In
853 3903 965 3962 partem
977 3900 1007 3943 et
1016 3885 1224 3943 haereditatem
1237 3905 1285 3942 re

199 3961 306 4050 panis,
332 3963 503 4038 priusquam
524 3961 561 4018 ad
577 3962 726 4020 Romanos
760 3962 810 4037 gni
829 3962 1005 4040 Jugunhsm
1024 3963 1145 4042 Micipsa
1170 3981 1284 4026 essum-

200 4039 352 4106 transiret,
374 4037 520 4114 praeclare
532 4050 663 4114 gesserat.
760 4049 846 4096 serat
