2888 4748
240 414 241 418 a
1114 353 1218 415 xxrrr

179 449 332 549 Zanohi
359 480 401 573 et
429 465 599 574 Ruperti
628 452 746 544 notae
767 449 923 552 ethioae¹
943 461 1038 547 sunt
1056 481 1098 547 et
1116 467 1216 576 poli·

126 620 229 696 ticae
242 645 258 710 ,
274 617 522 724 aliorumque
543 631 753 696 auctorum
771 616 879 717 locos
898 608 1091 710 indicant,
1114 643 1214 723 quos
1241 707 1244 710 A

127 766 304 843 imitatus
332 782 391 844 est
420 755 657 857 Sallustius,
680 769 721 844 e't
747 786 847 871 quos
879 778 1055 879 auctores
1069 757 1160 870 'ipsi
1175 772 1213 843 ‘a
1242 785 1246 790 ’

131 913 318 992 Sallustio
340 914 663 1022 desumpserunt
703 928 705 933 ’

184 1061 348 1140 Colerus
369 1061 553 1141 historica
574 1063 675 1141 facta
689 1089 716 1173 a„
727 1061 914 1140 Sallustio
929 1052 1106 1142 enarrata
1117 1062 1209 1144 alia·
1230 1065 1254 1091 ⁸

125 1224 221 1288 'rum
241 1225 421 1295 veterum
441 1202 695 1296 historiarum
713 1181 886 1291 subsidio
900 1200 1088 1305 illustrat,
1102 1211 1230 1319 quod'

130 1359 250 1459 etiam
269 1361 464 1464 praestitit
484 1357 716 1439 Broukhius.
1155 1353 1158 1356 ’

160 1487 392 1586 Ῥιιῐεοὴίιιέ
425 1529 570 1615 paucas
604 1506 729 1588 edidit
761 1525 873 1587 notas
887 1566 897 1601 ,
912 1497 916 1508 ’
931 1508 1001 1587 sed
1033 1505 1210 1589 multum
1286 1528 1289 1533 ’

129 1639 434 1738 commendatas.
466 1659 610 1737 Contra
638 1686 745 1742 vero
761 1674 877 1738 notae
898 1657 1085 1736 Palmarii
1115 1624 1210 1736 sunt
1287 1634 1289 1640 ¹

130 1831 239 1892 mere
260 1806 569 1910 grammaticales
590 1807 784 1912 nulloque
803 1809 847 1883 in
866 1806 992 1912 pretio
1013 1799 1191 1892 habitae·

180 1922 338 2059 Magna*
355 1982 447 2060 pras
476 1958 639 2034 caeteris
668 1956 937 2035 aestimatione
960 1952 1133 2058 dignae,
1160 1968 1208 2032 ut
1286 1930 1289 1941 ¹

129 2118 263 2181 nostra
290 2103 366 2181 fert
395 2096 550 2210 opinio,
571 2103 891 2185 habendae‘sunt
909 2117 1025 2182 notae
1046 2100 1207 2180 Firmici
1223 2090 1236 2156 ’ἕ

129 2251 302 2338 Abideni
323 2251 374 2332 ad
391 2281 509 2335 usum
528 2256 795 2335 universitatis
808 2252 1055 2360 Braydensis3
1070 2276 1205 2358 quam·

55 2365 56 2368 Ἴ
132 2428 252 2506 quam
273 2402 322 2480 de
342 2404 437 2508 ipsis
457 2401 594 2480 nullus
615 2404 780 2507 scriptor
798 2403 1044 2478 mentionem
1064 2400 1205 2492 faciat,
1249 2416 1251 2421 ’

133 2565 175 2630 et
202 2576 254 2627 ne
281 2552 365 2654 ipse
393 2549 556 2656 quidem
587 2549 636 2628 de
665 2550 843 2641 Bressos,
865 2551 936 2654 qui
965 2549 1097 2625 omnia
1118 2545 1205 2625 dili·

132 2699 358 2802 gentissime
379 2697 551 2804 collegit,
565 2725 666 2805 quae
687 2697 738 2776 ad
759 2696 993 2777 Sallustium
1014 2713 1203 2804 spectant
1279 2683 1282 2688 ’

186 2847 229 2923 Si
249 2845 348 2954 quid
366 2845 487 2927 habet
512 2850 611 2926 recti
638 2863 679 2926 et
705 2847 815 2927 utilis
834 2844 978 2940 Daniel
999 2846 1203 2953 Crispinus

130 2995 175 3072 in
196 2999 275 3076 suis
295 2998 398 3075 notis
416 2996 470 3087 ad
488 3025 606 3078 usum
618 2996 823 3106 Delphini,
838 3024 886 3089 ex
898 2994 985 3074 aliis
1005 2990 1203 3076 commem

132 3145 325 3225 tatoribus
345 3150 599 3254 transcripsit

181 3295 355 3376 Wassius
373 3324 562 3403 magnum
581 3296 770 3388 volumen
790 3289 973 3406 implevit
998 3314 1203 3384 auctorum
1263 3321 1265 3325 ’

131 3443 348 3551 exemplis,
369 3473 470 3551 qnae
492 3445 671 3525 Sallustii
690 3451 895 3526 sententiis
914 3451 1076 3555 propius
1096 3472 1204 3524 acce·
1238 3498 1240 3503 -
1273 3469 1274 3472 ’

132 3591 256 3691 dunt3
270 3608 311 3670 at
330 3591 444 3700 saepe
465 3584 621 3699 longius
640 3589 761 3701 quam
780 3616 852 3701 par
871 3608 944 3688 est,
957 3623 984 3672 a
999 3594 1216 3701 proposito

134 3736 363 3844 digreditur.
1104 3738 1106 3744 ’

185 3885 421 3992 Diligentior
435 3889 517 3968 trit
537 3888 710 3968 Gottlieb
734 3889 912 3983 Cottius,
946 3894 1105 3997 quisue
1126 3888 1205 3968 edi·

134 4033 243 4113 tione
264 4015 458 4145 Lipsiensi
482 4037 864 4144 magnifioentissima
891 4032 1016 4119 tribus
1038 4036 1205 4124 solumi-

1276 3874 1280 3882 v
