2888 4748
237 306 303 370 18.
523 303 559 366 G.
586 298 734 366 CRISPI
760 297 1003 367 SALLUSTII

231 450 544 540 dominationemque
565 454 574 479 ¹
598 450 772 529 convertit3
795 451 953 515 inmutato
980 471 1092 530 more,
1116 472 1223 516 annua
1247 448 1307 517 im·

230 559 321 650 peria
343 559 500 649 binosque
522 554 730 661 imperatores
756 558 843 651 'sibi
871 557 982 623 fecere.
1008 558 1057 621 Eo
1089 557 1184 623 modo
1212 559 1308 623 mini-

231 690 282 732 me
319 689 413 756 posse
450 667 607 758 putabant
644 689 702 756 per
738 666 902 731 licentiam
939 665 1130 731 insolescere
1161 667 1306 732 animum

232 774 418 840 humanum.

276 885 353 951 Vll.
380 881 445 948 Sed
475 905 512 948 ea
541 896 727 971 tempestate
754 905 888 972 coepere
911 905 945 946 se
970 881 1106 970 quisque
1129 882 1231 971 magis
1255 906 1306 948 ex·

229 992 360 1072 tollere,
384 976 548 1079 magisque
571 990 737 1079 ingenium
759 990 793 1053 in
817 1003 946 1079 promtu
970 988 1088 1053 habere
1107 984 1126 1052 ³.
1151 989 1234 1054 Nam
1257 1014 1305 1055 re-

230 1101 325 1190 gibus
347 1098 425 1163 boni
449 1120 545 1186 quem
569 1097 645 1161 mali
669 1097 880 1188 suspectiores
905 1111 1009 1161 sunt:
1042 1120 1231 1188 semperque
1254 1097 1306 1164 his

231 1209 335 1273 aliena
357 1207 459 1272 virtus
482 1204 689 1270 formidolosa
713 1219 768 1269 est
796 1203 861 1269 Sed
879 1205 1220 1284 civitas‚·incredibile
1242 1229 1307 1271 rne-

230 1329 356 1382 moratu
376 1327 441 1393 est,
466 1312 578 1403 adepta
593 1312 757 1392 libertate,
772 1326 928 1400 quantum
942 1311 1032 1377 hrcvi
1047 1313 1201 1379 creverit:
1219 1327 1310 1379 tanta

229 1421 350 1512 cupido
372 1420 490 1512 gloriae
514 1421 695 1485 incesserat
719 1419 794 1483 Jam
808 1420 950 1509 primum
965 1423 1134 1504 juventus,
1159 1420 1256 1485 simul
1271 1445 1309 1487 ac

229 1529 309 1596 helli
332 1529 455 1619 patiens
482 1527 493 1567 ⁴
521 1541 612 1608 erat,
635 1526 668 1590 in
694 1527 805 1592 castris
828 1551 886 1616 per
908 1526 1053 1591 laborem
1074 1550 1136 1592 usu
1160 1528 1312 1594 militiam
1345 1578 1347 1583 -

230 1635 399 1704 discebat:
423 1636 588 1724 magisque
610 1633 644 1698 in
669 1633 793 1698 decoris
817 1634 913 1699 armis
937 1648 968 1698 et
988 1633 1180 1700 militaribus
1199 1635 1329 1725 equis,

230 1766 329 1834 quam
345 1743 379 1807 in
396 1743 508 1808 scortis
525 1733 620 1830 atque
635 1740 812 1822 conviviis,
827 1741 994 1806 libidinem
1008 1741 1145 1807 habebat
1157 1738 1179 1807 ⁵.
1205 1744 1310 1833 Igitur

230 1850 350 1918 talibus
365 1850 442 1917 viris
458 1872 522 1914 non
538 1848 630 1915 labor
645 1848 810 1928 insolitus,
834 1871 899 1913 non
918 1850 1009 1913 locus
1029 1849 1115 1915 ullus
1139 1873 1231 1940 asper
1253 1865 1311 1918 aut

231 1959 353 2026 arduus
369 1973 454 2040 erat,
469 1981 534 2024 non
551 1959 690 2021 armatus
706 1955 808 2021 hostis
824 1955 1069 2048 formidolosus:
1083 1957 1185 2023 virtus
1201 1958 1310 2022 omnia

231 2066 401 2138 domuerat
418 2093 425 2130 ε
451 2065 506 2130 sed
521 2064 640 2154 gloriae
657 2086 842 2128 maxumum
857 2078 1016 2130 certamen
1033 2064 1116 2128 inter
1132 2063 1219 2155 ipsos
1233 2079 1310 2131 erat-

233 2173 278 2239 Se
302 2173 439 2263 quisque
461 2172 586 2236 hostem
611 2170 734 2251 ferire,
763 2194 892 2236 murum
922 2171 1139 2253 adscendere,
1167 2172 1311 2263 conspici

230 2279 311 2346 dum
342 2281 403 2346 tale
434 2279 560 2345 lacinus
591 2277 728 2358 faceret,
752 2279 968 2369 properabat:
993 2302 1046 2344 cas
1069 2279 1216 2361 divitias,
1240 2303 1311 2345 eam

228 2386 351 2455 bonam
382 2387 500 2453 famam
530 2409 742 2476 magnamque
772 2386 972 2450 nobilitatem
999 2387 1181 2477 putabant:
1204 2386 1311 2452 laudis

231 2496 338 2576 avidi,
361 2497 517 2587 pecuniae
533 2495 682 2560 liberales
698 2509 788 2560 erant
808 2521 814 2558 :
839 2494 974 2584 gloriam
989 2493 1169 2583 ingentem,
1182 2493 1312 2564 divitias

230 2601 384 2669 honestas
399 2603 557 2668 volebant.
576 2603 756 2667 Memorare
771 2625 909 2691 possem,
925 2601 1043 2692 quibus
1057 2601 1091 2666 in
1107 2601 1187 2667 locis
1204 2625 1312 2669 maxu-

231 2731 301 2775 mas
326 2709 468 2774 hostium
493 2710 601 2800 copias
625 2711 766 2800 populus
786 2711 953 2776 Romanus
977 2732 1077 2799 parva
1100 2732 1198 2776 menn
1222 2708 1313 2776 fude-

232 2817 295 2898 rit,
321 2841 400 2907 quas
424 2817 519 2882 urbes
543 2832 658 2883 natura
681 2818 820 2882 munitas
844 2817 1018 2909 pugnando
1041 2817 1186 2909 ceperit,
1216 2817 1313 2885 nica

230 2944 283 2991 res
309 2924 437 3014 longius
462 2948 520 2990 nos
545 2927 585 2990 ab
610 2926 759 3015 incoepto
783 2926 929 2990 traheret.
984 2942 987 2947 ·

279 3032 376 3111 VIII.
404 3031 468 3098 Sed
491 3033 635 3124 prolecto
660 3035 804 3098 Fortuna
828 3033 861 3097 in
886 3032 973 3097 omni
996 3056 1032 3098 re
1055 3033 1259 3098 dominatur:
1276 3055 1315 3097 ea

232 3159 283 3203 res
308 3156 440 3206 cunctas
465 3165 502 3206 ex
525 3141 690 3222 lubidine,
715 3163 811 3230 quam
826 3164 865 3204 ex
880 3162 972 3221 vere,
989 3140 1128 3206 celebrat
1151 3140 1315 3207 ohscurat-

233 3269 305 3337 que.
339 3246 586 3314 Atheniensium
611 3272 661 3314 res
681 3264 809 3339 gestae,
833 3248 928 3314 sicuti
959 3271 1017 3338 ego
1049 3263 1212 3330 scstumo,
1236 3247 1315 3312 satis

258 3504 269 3540 r
293 3483 484 3558 Tarquinium
491 3483 632 3559 intelligit,
646 3484 693 3539 cui
705 3503 752 3540 su·
791 3496 849 3540 tem
865 3483 933 3541 belli
951 3483 1100 3542 laboribus
1123 3481 1247 3539 serendis
1260 3503 1316 3559 par

233 3561 318 3637 perbi
326 3580 484 3636 cognomen
492 3558 751 3616 factaeddiderunt:
792 3573 860 3618 erat.
873 3562 914 3619 Ea
926 3581 995 3619 vero
1013 3574 1090 3616 aetas
1109 3581 1125 3614 a
1148 3558 1189 3614 ud
1208 3560 1315 3614 Roma-

233 3637 470 3692 dominationcm
484 3654 539 3712 pro
549 3636 709 3713 tyrannide.
792 3657 845 3693 nos
868 3649 929 3694 erat
950 3655 1094 3694 annorum
1116 3580 1256 3692 dicemet
1272 3654 1316 3692 se·

255 3730 271 3766 a
292 3711 433 3769 Consules
459 3713 565 3767 lunius
591 3713 699 3768 Brutus
724 3724 753 3768 et
791 3726 879 3789 ptem.

235 3786 406 3845 Collatinus.
810 3788 827 3846 5
848 3789 951 3846 Libido
970 3790 1001 3847 in
1021 3789 1128 3844 bonam
1149 3800 1178 3846 et
1208 3785 1314 3843 malam

254 3860 423 3937 3Quisque
443 3883 503 3920 non
521 3861 643 3938 amplius
661 3863 752 3920 virtu·
790 3879 902 3941 partem
942 3866 1072 3923 sumitur.
1112 3864 1167 3921 Hic
1206 3862 1314 3939 signifi-

234 3948 293 3993 tem
314 3957 394 3994 suam
414 3937 586 3997 occultabat.
792 3955 853 4009 cat;
877 3942 1005 4000 studium
1022 3940 1171 4018 ponebat,
1190 3938 1314 3997 delecta-

254 4010 315 4086 ttd
327 4026 368 4071 est
378 4016 602 4091 quamprimum
614 4035 667 4094 per
676 4027 753 4074 aeta·
791 4017 886 4077 batur.
