2888 4748
234 376 295 415 212
550 339 722 412 ORATIO
747 345 791 411 M.
816 341 981 413 LICINII

232 513 338 577 creta,
361 480 418 563 nos
442 480 643 585 exsequendo
666 511 735 561 rata
759 493 903 576 efficitis,
919 492 1080 579 Quirites:
1102 493 1253 586 ultroque
1268 496 1309 564 li·

233 607 370 672 centiam
394 606 428 667 in
452 628 508 671 vos
533 620 661 671 auctum
685 619 781 692 atque
805 603 951 686 adjutum
973 604 1161 693 properatis.

280 714 339 779 IV.
364 713 476 801 Neque
500 735 630 801 egeres
646 712 750 775 ultum
775 711 911 795 injurias
926 711 1056 790 bortor3
1071 712 1172 800 magis
1196 713 1244 777 uti
1259 737 1310 781 re·

234 820 343 910 quiem
367 819 521 909 cupiatis:
546 841 650 907 neque
674 817 871 899 discordias,
895 833 931 885 ut
945 819 994 882 illi
1010 819 1233 903 criminantur,
1251 822 1309 887 sed

235 950 344 994 earum
374 925 470 990 finem
500 926 628 1004 volens,
658 928 730 1009 jure
762 926 906 1015 gentium
935 946 987 992 res
1010 941 1119 1017 repeto
1138 942 1146 966 ¹
1167 955 1174 993 ς
1199 936 1252 1010 et',
1280 930 1311 996 si

236 1034 441 1127 pertinaciter
474 1032 679 1113 retinebunt,
715 1055 780 1098 non
811 1056 899 1097 arma
932 1056 1037 1123 neque
1072 1035 1313 1120 secessionem,¹

237 1141 475 1220 tantummodo,
506 1163 545 1204 ne
570 1140 711 1229 amplius
737 1141 926 1228 sanguinem
949 1155 1090 1208 vestrum
1113 1143 1313 1233 praebeatis,

240 1274 362 1316 censeo.
390 1250 510 1312 Gerant
536 1246 738 1337 habeantque
765 1270 824 1312 suo
853 1247 948 1313 modo
971 1249 1126 1338 imperia:
1154 1266 1313 1340 quaerant

238 1356 438 1447 triumphos:
463 1354 702 1436 Mithridatem,
729 1354 907 1421 Sertorium
931 1371 963 1421 ct
984 1356 1137 1445 reliquias
1161 1358 1313 1423 exsulum

239 1479 473 1556 persequantur
502 1487 576 1530 cum
605 1463 799 1551 imaginibus
824 1465 833 1489 ¹
856 1465 931 1529 suis.
958 1462 1052 1528 Absit
1075 1464 1255 1555 perieulum
1279 1480 1314 1532 et

239 1573 348 1651 labos,
373 1571 490 1659 quibus
513 1572 603 1635 nulla
626 1594 700 1658 pars
724 1570 848 1635 fruetus
863 1585 930 1649 est3
953 1571 1017 1635 nisi
1040 1570 1121 1637 forte
1144 1573 1314 1662 repentina

240 1678 302 1744 ista
325 1678 532 1743 frumentaria
556 1678 647 1766 lege³
665 1676 775 1742 munia
793 1693 895 1744 vestra
910 1693 1094 1768 pensantur.
1117 1680 1188 1762 Qua
1201 1694 1315 1745 >tamen

241 1787 348 1875 quinis
372 1785 488 1850 modiis
515 1785 697 1849 libertatem
726 1785 870 1850 omnium
894 1770 1130 1866 aestumatum,
1157 1786 1215 1875 qui
1238 1810 1316 1877 pro·

241 1895 325 1961 fecto
348 1918 414 1958 non
438 1893 575 1983 amplius
601 1907 738 1983 possunt
761 1893 918 1959 alimentis
948 1893 1083 1958 carceris
1102 1887 1121 1955 ⁴.
1145 1894 1316 1983 Namque,

241 2017 278 2068 ut
302 2001 366 2065 illis
391 2000 561 2090 exiguitate
584 2023 670 2064 mors
685 1998 875 2090 prohibetur
890 2001 920 2082 ⁵,
944 2014 1114 2066 senescunt
1136 2001 1239 2067 vires:
1264 2001 1316 2066 sic

241 2132 347 2199 neque
370 2108 506 2175 absolvit
529 2129 606 2173 cura
628 2106 779 2171 familiari
794 2120 859 2171 tam
881 2131 981 2198 parva
1004 2131 1055 2172 res
1082 2134 1101 2189 f:
1125 2122 1157 2172 et
1175 2107 1316 2197 ignavis-

243 2216 477 2305 sumiquique⁷
491 2213 676 2279 tenuissima
693 2237 749 2304 spe
764 2213 972 2293 frustrantur3
982 2237 1064 2303 quae
1079 2229 1185 2279 tamen
1202 2238 1317 2304 quam-

241 2325 291 2392 vis
315 2323 431 2413 ampla,
455 2321 608 2410 quoniam
639 2320 761 2389 servitii
792 2320 933 2410 pretium
964 2334 1195 2400 ostentaretur,
1218 2325 1318 2406 eujus

240 2428 416 2522 torpedinis
432 2442 499 2494 erat
514 2427 621 2518 decipi
637 2442 668 2493 et
675 2443 854 2495 vestrarum
868 2451 976 2493 rerum
984 2433 1000 2487 ⁸.
1011 2428 1095 2492 ultro
1111 2427 1230 2512 injuria
1240 2451 1317 2517 gra·
1388 2502 1391 2506 .

240 2539 319 2604 tiam
342 2537 479 2602 debere?
502 2535 649 2624 Namque
673 2535 736 2600 alio
759 2534 889 2602 modo⁹
916 2556 1021 2626 neque
1049 2535 1157 2604 valent
1183 2535 1217 2601 in
1239 2536 1319 2602 uni-

243 2666 370 2727 versos,
385 2665 490 2735 neque
505 2643 714 2711 conabuntur.

268 2933 279 2970 r
303 2915 359 2972 Res
375 2917 462 2973 uobis
479 2915 618 2982 ablatas;
634 2918 758 2975 tribuni·
816 2914 956 2976 5Paueis
963 2917 1151 2974 nutrimentis
1159 2932 1239 2972 mors
1248 2923 1319 2974 tart·

245 2991 318 3046 eiam
329 3004 510 3067 potestatem,
522 2995 678 3063 aerarium,
690 3016 759 3072 pro·
797 3001 858 3048 lum
867 3003 999 3058 arcetur,
1008 3012 1069 3047 non
1081 3002 1179 3048 autem
1189 2992 1319 3050 robaria

244 3067 352 3123 vincias
372 3081 401 3124 et
418 3080 527 3136 cetera,
544 3090 669 3144 quorum
680 3091 760 3128 men·
800 3068 939 3124 valetudo
952 3077 1155 3140 eomparatur.

246 3141 354 3199 tionem
366 3144 449 3202 lecit,
694 3189 697 3195 .
815 3143 937 3212 GQuini
948 3142 1036 3198 modii
1050 3143 1195 3200 neminem
1207 3162 1242 3201 ex
1252 3143 1319 3220 ple·
1366 3198 1369 3203 .

265 3234 281 3270 a
301 3217 413 3275 Acriter
423 3220 553 3296 increpat
564 3221 696 3296 ignavam
707 3242 759 3278 no·
796 3219 834 3276 be
854 3238 924 3278 cura
941 3217 1072 3274 familiari
1088 3218 1227 3288 liberant,
1245 3239 1321 3295 qum

246 3289 395 3362 bilitatem‚
416 3296 478 3365 cui,
498 3297 521 3350 si
540 3297 639 3373 plebes
656 3296 759 3353 dereli-
797 3295 894 3371 potius
925 3293 1090 3369 quaerenda
1109 3294 1214 3372 plura,
1243 3313 1321 3370 quae

245 3368 356 3442 querit,
373 3369 445 3428 nihil
461 3372 515 3428 erit
531 3385 645 3449 praeter
659 3374 759 3448 imagi-
798 3370 941 3428 sufficiant
960 3371 1089 3430 familiae.

248 3462 299 3500 nes
311 3444 446 3516 fumosas,
466 3449 574 3523 quibus
591 3468 646 3526 pro
665 3449 763 3505 militi·
821 3467 837 3524 7
851 3444 970 3520 Ignavi,
983 3451 1035 3524 qui
1043 3465 1116 3503 suae
1124 3450 1171 3503 rei
1174 3445 1320 3522 familia-

249 3517 306 3576 bus
325 3521 368 3576 uti
387 3523 484 3598 possit.
802 3527 831 3579 ri
841 3542 903 3578 non
913 3522 1037 3578 aliunde
1051 3525 1249 3598 prospiciunt,
1260 3522 1322 3578 bae

268 3594 287 3652 3
308 3597 352 3652 De
371 3595 427 3654 hac
445 3597 507 3673 lege
524 3620 541 3655 a
553 3599 686 3657 Graccho
696 3598 765 3669 lata,
803 3618 855 3674 spe
875 3598 1078 3672 decipientem
1096 3606 1220 3670 sperant
1240 3601 1323 3652 enim

251 3690 269 3726 a
286 3672 366 3728 Sulla
383 3673 537 3748 abrogata,
562 3687 590 3730 et
611 3695 691 3732 nunc
715 3674 765 3731 de·
805 3676 904 3750 quinis
915 3673 961 3730 bis
973 3673 1080 3729 modiis
1089 3689 1221 3746 possess
1232 3689 1320 3727 suos·

251 3748 448 3805 nuorestituta
456 3748 520 3808 vide
529 3762 767 3828 notampagnpq,
806 3767 864 3826 que
883 3759 1062 3805 sustentare.

251 3837 311 3892 not.
334 3845 356 3883 1.
822 3829 839 3880 8
863 3826 935 3881 Cum
943 3827 1132 3898 frumentum
1140 3821 1248 3902 populi
1259 3823 1319 3875 no-

270 3897 290 3969 lp
308 3899 455 3958 Idestnon
466 3901 588 3980 amplius
601 3914 667 3958 sunt
679 3920 766 3977 quam
804 3905 951 3966 retenirit,
968 3918 1053 3967 nemo
1070 3916 1130 3972 pro
1150 3901 1211 3955 suis
1230 3897 1319 3954 rebus

252 3972 387 4037 alimenta
406 3997 519 4038 carcere
545 3977 663 4038 inclusis
681 3997 767 4058 prae·
802 3982 936 4052 gratiam
956 3975 1069 4030 babere
1088 3973 1184 4029 debet.

251 4046 319 4109 hita.
824 4073 844 4131 9
863 4052 923 4110 Nisi
940 4069 994 4130 per
1013 4049 1186 4128 largitiones.
