2888 4748
256 306 261 315 ¹
356 280 358 289 '
416 286 606 358 BELLUM
629 284 971 356 JUGURTHINUM
1165 288 1222 353 161

153 425 215 536 pro
238 439 353 507 delicto
377 462 435 505 suo
459 440 557 508 verba
580 439 675 504 facit:
698 464 732 506 se
756 465 820 504 non
836 439 946 504 hostili
960 437 1082 516 animo,
1105 434 1163 500 sed
1185 435 1224 500 oh

158 548 481 636 regnumcutondum
505 571 597 612 arma
620 549 740 634 cepisse
754 547 861 611 :narn
886 544 1056 611 Numidiae
1078 559 1227 630 purtem,

134 636 242 720 'unde
265 658 296 720 vi
317 657 507 744 Jugurthnm
531 655 717 741 expulerit,
741 658 816 740 jure
841 653 920 718 belli
943 677 1034 717 suam
1051 669 1060 694 ¹
1073 651 1227 735 sactum,

155 790 227 831 cnm
252 767 369 830 rostari
392 790 413 829 a
429 766 543 831 'Mario
555 813 566 844 ,
591 765 663 849 pati
685 764 884 851 nequivisse:
906 777 1075 846 practerea
1086 809 1096 838 ,
1120 759 1226 846 missis

153 888 252 938 auten
275 876 408 938 Romam
433 873 567 959 legatis,
590 870 754 958 repulsum
769 869 809 933 ab
825 870 991 933 amicitia:
1013 883 1153 932 ceterum
1177 887 1225 929 ve-

153 996 223 1045 tera
248 982 412 1058 omittere,
435 1004 474 1043 cc
499 993 585 1059 tum,
608 980 635 1044 si
657 1003 716 1066 per
733 979 873 1046 Marium
890 977 1023 1055 liceret,
1046 976 1164 1062 legatos
1180 969 1226 1035 cul

153 1105 301 1154 senatum
318 1088 496 1150 missurum.
514 1087 617 1168 Dein,
641 1087 736 1176 eopia
758 1084 860 1166 facta,
884 1085 1010 1149 animus
1033 1080 1161 1173 barbari
1185 1076 1228 1142 ah

155 1195 268 1260 amicis
292 1192 412 1275 flexus,
436 1217 519 1284 quos
534 1195 716 1284 Jugurtha,
740 1190 867 1284 cognita
882 1176 1041 1282 legatione
1063 1189 1173 1253 Sullae
1197 1198 1229 1252 et

154 1301 290 1382 Manlii,
305 1315 450 1368 metuens
466 1300 501 1367 id
516 1299 604 1391 quod
618 1302 809 1392 parabatur,
829 1300 922 1366 donis
946 1310 1141 1387 corruperat.
1157 1295 1228 1359 Ma-

154 1409 224 1474 rius
247 1409 384 1490 interea,
409 1408 550 1476 exercitu
575 1409 610 1477 in
625 1408 845 1474 hibernaculis
859 1406 1054 1498 composito,
1078 1427 1153 1473 cum
1177 1428 1228 1470 ex-

152 1517 270 1607 peditis
286 1516 474 1584 cohortibus
489 1532 522 1582 et
532 1531 624 1607 parte
640 1515 801 1605 equitatus
810 1514 1026 1607 proficiscitur
1041 1517 1075 1581 in
1090 1516 1162 1582 loca
1178 1504 1229 1582 soss

153 1625 202 1706 la,
218 1624 384 1691 obsessum
407 1625 524 1690 turrim
547 1625 684 1714 regiam,
700 1648 765 1714 quo
780 1625 802 1688 J
805 1623 943 1712 ugurtha
958 1624 1107 1714 perfugas
1124 1627 1229 1694 omniu¹

153 1732 350 1823 praesidium
373 1732 569 1822 inposuerae
601 1732 685 1796 Tum
713 1754 826 1796 rursus
851 1731 1022 1814 Bocchus,
1051 1756 1109 1800 seu
1133 1756 1229 1824 repu-

152 1840 252 1905 tando
277 1863 360 1930 quae
384 1840 446 1904 sibi
469 1837 597 1902 duobus
618 1836 749 1926 praeliis
765 1851 955 1918 evenerant,
971 1860 1028 1903 seu
1045 1839 1230 1910 admonitus

154 1949 195 2012 ab
219 1947 290 2012 aliis
315 1946 446 2025 emisio,
469 1968 551 2034 quos
575 1944 779 2033 incorruptos
795 1941 958 2032 Jugunha
980 1945 1170 2034 reliquerat,
1190 1972 1230 2016 ex

154 2054 243 2120 omni
259 2053 353 2142 eopia
368 2051 623 2116 necessariorum
639 2051 783 2140 quinque
799 2049 931 2138 delegit:
948 2075 1086 2141 quorum
1102 2069 1134 2118 et
1149 2053 1230 2124 fides

153 2161 281 2250 cognita
305 2175 336 2226 et
358 2158 489 2249 ingenia
512 2158 720 2225 validissuma
744 2173 842 2223 erant.
859 2158 925 2224 Eos
950 2159 991 2225 ad
1010 2160 1170 2243 Marium,
1189 2186 1230 2234 ao

153 2271 248 2352 dein,
272 2269 299 2336 si
322 2269 466 2361 placeat,
482 2264 620 2330 Romam
635 2267 755 2356 legatos
771 2268 818 2332 ire
833 2266 942 2350 jubet:
968 2266 1164 2356 agendarum
1179 2292 1228 2336 re-

152 2393 270 2460 rum⁸,
294 2392 325 2443 et
348 2395 554 2467 quocumque
585 2372 681 2439 modo
710 2373 788 2439 belli
820 2374 1035 2465 componendi
1062 2374 1231 2445 licentiam

152 2487 233 2579 ipsis
257 2486 421 2577 permittit.
680 2573 683 2581 Ι

143 2619 146 2624 ·
202 2594 292 2661 CXI.
317 2593 370 2656 Illi
393 2605 519 2659 mature
542 2591 587 2669 ad,
607 2590 743 2657 hiberna
770 2591 991 2662 Romanorum
1015 2595 1228 2687 proficiscun-

151 2717 226 2782 tur3
250 2701 364 2767 deinde
388 2725 407 2765 a
432 2700 578 2766 Gaetulis
601 2699 781 2768 latronibus
804 2701 839 2766 in
867 2702 983 2769 itinere
1013 2705 1227 2772 circumventi

155 2811 359 2902 spoliatique,
375 2807 497 2899 pavidi,
514 2807 583 2874 sine
598 2807 714 2873 decore
730 2803 740 2841 ³
755 2808 797 2874 ad
813 2808 937 2876 Sullam
957 2826 1116 2902 pergunt3
1131 2834 1229 2903 quem
1293 2845 1296 2852 ¹

152 2918 286 3001 consul,
308 2919 343 2982 in
363 2915 598 3007 expeditionem
613 2913 837 3006 proficiscens,
851 2934 911 3008 pro
927 2933 1075 3009 praetore
1090 2921 1230 3011 relique·

153 3041 213 3092 rat.
239 3028 304 3091 Eos
328 3025 383 3090 ille
406 3046 474 3090 non
498 3046 558 3114 pro
581 3024 673 3093 ranis
697 3023 862 3107 hostibus,
890 3027 939 3092 uti
962 3026 1069 3092 meriti
1092 3035 1231 3113 erant⁴‚·

153 3133 210 3200 scd
226 3133 376 3198 adcurate
392 3146 423 3199 et
438 3131 613 3197 liberaliter
627 3129 749 3197 habuit.
768 3133 842 3216 Qua
856 3156 891 3199 re
913 3133 1043 3200 barbari
1062 3148 1094 3200 et
1108 3135 1228 3204 famam

153 3239 375 3308 Romanorum
397 3238 550 3310 avaritiae
573 3237 703 3320 falsam,
718 3253 752 3306 et
768 3239 893 3307 Sullam
916 3241 958 3307 ob
972 3240 1229 3315 munificentiam

173 3484 186 3522 1
208 3464 352 3542 iugurtha
371 3465 544 3544 promiserat
554 3465 669 3525 Boccho
708 3467 824 3526 Boccho
835 3470 1016 3546 promiserat.

150 3555 264 3621 partem
283 3542 397 3600 tertiam
415 3562 447 3598 re
487 3542 564 3612 isui,
575 3543 598 3601 si
609 3544 669 3600 Ro·
727 3544 1140 3622 aPleuipctentiarioshoclie
1149 3545 1226 3622 clice-

152 3619 231 3690 maui
253 3619 348 3676 Africa
371 3638 406 3676 ox
429 3639 444 3676 e
467 3632 600 3690 crentur,
621 3634 671 3677 aut
708 3634 774 3679 rent
792 3621 846 3679 hos
866 3623 1043 3698 agendarum
1053 3641 1152 3680 rerum
1171 3645 1229 3703 po-

150 3695 270 3772 integris
282 3696 340 3752 suis
352 3640 460 3753 linibus
470 3695 580 3753 bellum
591 3716 670 3753 corn-
709 3708 810 3755 testate
828 3699 992 3755 instructos

152 3774 281 3848 positum
299 3771 381 3830 loret.
402 3773 499 3850 Capsa
519 3784 672 3849 ceteraque
727 3771 884 3850 3Absque
900 3773 929 3829 di
969 3775 1046 3831 itatis
1055 3774 1224 3852 insignibus·

131 3847 263 3924 ¹oppida
284 3861 313 3906 et
334 3846 459 3919 castella,
479 3869 553 3927 quae
574 3868 670 3926 nuper
725 3849 807 3921 4Εο
827 3849 907 3926 quod
951 3849 1034 3908 occhi
1049 3853 1224 3910 animussse·

154 3926 407 3999 ceperathlarius,
425 3926 478 3989 sita
496 3937 579 3982 erant
594 3927 626 3982 in
637 3946 670 3984 ea
708 3945 763 3985 xus
784 3926 888 4005 suetan
899 3923 1036 4006 dictoque
1056 3949 1117 3992 non
1139 3941 1224 4000 stele-

153 4011 238 4078 parte
253 4001 672 4084 Numidiac,quamlogurtha
709 4015 761 4072 rat.
1132 4018 1137 4025 ’

202 4116 229 4160 r.
244 4117 276 4161 ³r.
305 4103 308 4111 '
794 4117 799 4128 ·
1000 4121 1039 4175 ii
