2888 4748
340 352 343 360 ’
400 356 588 434 sermm
611 329 952 430 Jucuurumuu‘
1028 374 1031 381 ·
1148 340 1215 431 nt

146 518 288 588 hostium
303 519 466 586 conlocat.
492 518 613 582 Eorum
643 536 758 605 magna
788 512 862 605 pars
894 503 1115 605 supeiioribus
1137 512 1219 580 locis

143 629 226 694 fessa
250 613 442 694 consederat.
470 625 574 691 Simul
598 644 711 704 orare,
734 623 855 688 bortari
879 623 1014 702 milites,
1038 646 1077 685 ne
1103 621 1219 704 defice·

144 752 235 814 rent,
250 761 310 800 neu
333 751 520 822 paterentur
543 734 646 796 hostes
659 734 820 824 fugientis
844 732 966 796 vincere
986 757 996 794 ε
1019 754 1123 816 neque
1148 729 1217 794 illis

143 859 249 906 castra
272 868 359 922 esse,
383 866 485 928 neque
510 844 740 911 munimentum
765 839 891 918 ullum,
906 860 968 925 quo
985 838 1132 902 cedentes
1148 851 1217 900 ten·

144 948 257 1013 dorent
286 976 295 1013 .·
324 953 358 1013 in
381 948 478 1013 armis
503 953 609 1013 omniu
633 951 704 1012 sito.
731 946 796 1011 Sed
818 968 878 1010 nec
900 943 1063 1034 Jugurtha
1087 942 1219 1033 quidem

143 1053 264 1121 interea
289 1058 416 1145 quietus
439 1071 525 1135 erat3
541 1056 688 1136 circuire,
711 1053 846 1134 hortari,
867 1075 1020 1118 renovare
1042 1051 1218 1140 proelium,

143 1178 176 1228 et
199 1164 269 1252 ipse
285 1186 358 1228 cum
375 1163 504 1229 delectis
520 1176 641 1230 tentare
657 1162 764 1229 omnia
786 1189 793 1226 ε
817 1159 986 1227 subvenire
1009 1159 1095 1239 suis,
1118 1158 1217 1224 bosti-

143 1264 204 1334 bus
221 1270 326 1341 dubiis
342 1270 473 1335 instare:
488 1291 569 1360 quos
586 1269 693 1336 firmos
710 1283 916 1358 cognoverat,
931 1268 1056 1332 eminus
1071 1260 1217 1357 pugnan'·

74 1397 76 1401 ’
144 1376 186 1440 do
210 1377 354 1442 retinere.
803 1454 816 1471 -.

192 1483 280 1548 Lvt
306 1485 354 1549 Eo
377 1483 472 1549 modo
497 1484 580 1551 inter
603 1509 637 1551 se
659 1485 724 1551 duo
748 1483 971 1576 imperatores,
995 1481 1112 1548 summi
1132 1479 1215 1563 uiri,

142 1591 306 1655 certabant
323 1618 330 1655 :
347 1592 409 1680 ipsi
425 1615 536 1681 pares,
553 1609 693 1659 ceterum
710 1593 825 1684 opibus
841 1591 1030 1682 disparibus.
1047 1591 1129 1654 Nam
1145 1590 1213 1654 Me·

142 1695 218 1762 tello
242 1697 343 1763 virtus
366 1699 506 1764 militum
530 1715 614 1781 erat,
637 1701 728 1765 locus
752 1701 931 1767 advorsus:
955 1697 1136 1786 Jugurtbac
1151 1696 1215 1761 alia

126 1805 267 1883 omnia,
290 1820 416 1894 praeter
438 1807 572 1886 milites,
596 1822 784 1895 opportuna.
810 1805 958 1893 Denique
980 1803 1140 1883 Romani,
1155 1803 1214 1868 ubi

142 1908 329 1999 intellegunt
359 1935 462 2000 neque
494 1913 554 1977 sibi
588 1912 772 2001 perfugium
799 1936 893 1992 esse,
916 1909 1020 2000 neque
1050 1911 1090 1975 ab
1120 1910 1214 1977 boeto

143 2016 269 2111 copiam
298 2018 462 2106 pugnandi
492 2016 586 2099 fieri,
611 2002 729 2101 etjam
750 2004 803 2083 'die
826 2041 939 2110 vesper
961 2032 1054 2095 erat;
1077 2017 1229 2084 advorso·

143 2117 242 2202 colle,
266 2123 361 2187 sicuti
382 2140 589 2216 praeceptum
603 2126 717 2208 fuerat,
733 2127 879 2194 evadunt
897 2127 1024 2191 Amisso
1040 2125 1129 2205 loco,
1144 2123 1211 2189 Nu·
1239 2161 1241 2164 ·

141 2226 245 2292 midae
267 2229 331 2295 fusi
355 2230 537 2322 fugatique,
560 2236 656 2325 pauci
683 2236 851 2301 interiere:
867 2235 1036 2326 plerosque
1059 2231 1211 2298 velocitas

142 2348 173 2398 et
202 2336 289 2424 regio
313 2334 458 2406 hostibus
488 2342 599 2430 ignara
632 2357 732 2407 tutata
761 2359 845 2407 sunt
878 2343 1001 2406 Interea
1026 2339 1211 2420 Bomilcar,
1281 2336 1283 2339 ’

141 2465 236 2530 quem
261 2444 436 2534 elephantis
461 2463 491 2512 et
513 2449 596 2536 parti
612 2449 778 2538 copiarum
797 2448 991 2538 Pedestrium
1013 2446 1210 2537 praefectum

140 2548 180 2611 ab
204 2551 225 2612 J
228 2551 365 2638 ugurtha
388 2554 654 2643 supradiximus,
678 2557 734 2622 ubi
750 2579 823 2621 cum
840 2557 981 2621 Rutilius
996 2570 1209 2644 praetergres-

139 2677 194 2718 sus
211 2671 276 2736 est,
292 2659 456 2747 paullatim
474 2686 548 2726 suos
564 2663 597 2726 in
614 2687 751 2754 aequum
766 2665 874 2729 locum
888 2664 1016 2729 deducit
1033 2689 1040 2727 :
1058 2685 1114 2744 ac,
1130 2661 1209 2726 dum

139 2760 262 2849 legatus
287 2765 327 2828 ad
352 2765 487 2849 flumen,
511 2794 574 2858 quo
598 2772 791 2860 praemissus
815 2787 892 2852 crat,
915 2770 1068 2836 festinans
1091 2769 1208 2860 pergit,

139 2869 289 2957 quietus,
313 2873 361 2937 uti
384 2897 434 2939 res
457 2878 657 2965 postulabat,
681 2880 785 2943 aciem·
803 2894 956 2945 exornat:
980 2900 1084 2968 neque
1099 2879 1208 2950 remit2

137 2975 176 3038 tit
186 3026 204 3079 ,Ι
219 2978 297 3064 quid
320 2980 440 3070 ubique
463 2983 563 3049 hostis
588 3001 711 3075 ageret,
733 2987 906 3075 explorare.
922 2988 1097 3075 Postquam
1112 2984 1206 3049 Ruti-

123 3079 216 3145 lium
240 3087 419 3153 consedisse
442 3093 507 3172 jam
530 3107 562 3159 ct
585 3094 691 3158 animo
715 3117 852 3160 vacuum
876 3094 1016 3183 accepit,
1044 3093 1205 3180 simulque

114 3209 175 3268 ,ex
198 3189 218 3251 J
222 3193 378 3277 ugurthae
401 3199 523 3286 proelio
548 3199 719 3267 clamorem
743 3203 871 3290 augeri3
894 3203 1035 3282 veritus,
1058 3224 1098 3265 ue
1122 3201 1205 3289 lega·
1294 3278 1301 3291 ,

135 3305 212 3374 tus,
237 3299 362 3385 cognita
386 3324 447 3383 re,
470 3304 689 3373 laborantibus
712 3310 779 3372 suis
804 3309 921 3374 auxilio
945 3308 1053 3389 foret,
1076 3308 1178 3373 aciem
1191 3355 1205 3388 ,

134 3423 231 3488 quam
255 3403 402 3470 diffidens
425 3411 536 3476 virtuti
560 3415 697 3478 militum
714 3427 780 3480 arte
797 3431 966 3497 statuerat,
983 3441 1046 3506 quo
1062 3415 1204 3480 hostium

133 3507 240 3571 itineri
265 3510 415 3597 officeret,
438 3516 533 3583 latius
552 3521 705 3610 porrigit3
721 3547 822 3612 eoque
837 3525 931 3589 modo
949 3524 989 3588 ad
1004 3523 1119 3588 Rutilii
1135 3545 1202 3586 cas·

131 3628 179 3678 tra
203 3618 354 3706 procedit.

177 3725 283 3790 LVll.
308 3729 445 3794 Romani
472 3759 509 3798 ex
531 3735 694 3825 inproviso
718 3741 860 3829 pulveris
884 3741 949 3806 vim
972 3761 1119 3827 maguam
1134 3735 1204 3801 ani-

131 3829 355 3914 madvertunt3
379 3861 453 3902 nam
475 3859 679 3932 prospectum
704 3872 778 3938 ager
802 3846 942 3917 arbustis
962 3855 1104 3919 consitus
1127 3879 1200 3946 pro·

130 3935 267 4003 bibebat.
293 3943 461 4033 Etsprimo
486 3949 545 4013 rati
568 3950 702 4018 humum
723 3956 843 4022 aridam
867 3975 961 4026 vento
981 3961 1111 4050 agitari:
1127 3977 1200 4054 post

130 4043 187 4108 ubi
211 4047 409 4136 aequabilem
423 4076 570 4140 manere,
595 4074 645 4142 et,
669 4045 764 4130 sicuti
780 4066 864 4134 acies
879 4069 1081 4153 movebatur,
1097 4073 1197 4163 magis
