2888 4748
398 342 588 414 BELLUM
612 345 951 415 JUGURTHINUM
1147 348 1205 429 iii

144 517 216 560 nem
232 515 298 558 sese
318 495 433 581 proles
453 498 661 561 simulavere:
683 498 779 576 milri,
799 501 856 584 qui
877 521 999 562 omnem
1020 514 1157 566 aetatem
1173 505 1208 566 in

138 606 274 689 optumis
289 602 412 667 artibus
428 607 490 691 egi,
500 605 701 687 benefacere
712 608 782 690 jam
799 631 842 668 ese
858 608 1086 671 consuetudine
1098 611 1131 670 in
1149 634 1206 672 na·

136 725 240 774 turam
269 714 366 774 vertit.
392 713 520 775 Bellum
544 737 592 776 me
620 736 728 797 gerere
752 737 824 774 oum
850 714 1010 797 Iugurtha
1033 717 1205 797 jussistis:

136 841 232 903 quam
247 844 313 882 rem
328 818 478 883 nobilitas
495 844 676 903 aegerrume
694 819 776 882 tulit.
797 823 941 900 Quaeso,
961 837 1106 905 reputate
1129 847 1204 885 eum

137 929 252 989 animis
268 929 375 991 vestris
387 977 396 1004 ‚
412 951 487 988 num
505 927 539 988 icl
557 935 676 990 mutari
701 927 815 991 melius
838 930 897 1005 sit,
917 929 946 990 si
968 952 1061 1013 quem
1082 953 1125 992 ea
1146 930 1206 992 illo

133 1033 226 1117 globo
242 1035 418 1097 nobilitatis
435 1034 477 1095 acl
491 1034 566 1113 hee,
586 1051 643 1098 aut
663 1033 756 1098 aliud
776 1034 839 1096 tale
863 1036 1024 1120 negotium
1045 1038 1202 1116 mittatis,

136 1141 293 1204 hominem
316 1142 426 1204 veteris
448 1143 639 1226 prosapiae,
661 1167 699 1205 ae
724 1142 897 1204 multarum
922 1144 1098 1227 imaginum
1116 1146 1150 1222 ¹,
1174 1159 1207 1207 et

135 1247 258 1310 nullius
273 1248 425 1334 stipendii
439 1262 450 1286 ¹
460 1277 469 1326 3
484 1249 608 1311 seilicet
623 1258 634 1295 ³
651 1265 687 1311 ut
703 1250 736 1310 in
754 1264 843 1311 tanta
861 1274 894 1311 re
912 1251 1042 1334 ignarus
1059 1252 1200 1312 omniurn

136 1354 272 1439 trepidet
281 1405 290 1433 ,
299 1356 454 1438 festinet,
469 1371 575 1419 sumat
594 1355 735 1440 aliquem
752 1381 794 1420 ea
814 1355 935 1442 populo
952 1358 1140 1420 monitorem
1158 1359 1210 1440 os·

127 1461 203 1544 fieii
216 1465 275 1524 sui.
292 1467 343 1524 Ita
356 1464 545 1548 plerumque
562 1466 666 1528 evenit
676 1492 686 1541 ,·
703 1479 739 1526 ut
749 1513 758 1542 ,
781 1488 875 1548 quem
897 1487 946 1526 ros
968 1465 1124 1548 imperare
1140 1468 1211 1548 jus-

136 1569 239 1649 sistis,
255 1573 281 1634 is
297 1571 359 1634 sibi
374 1574 596 1656 imperatorem
612 1572 713 1634 alium
731 1588 878 1657 quaerat.

184 1680 416 1746 LXXXVIII.
428 1685 468 1742 At
483 1704 538 1763 ego
553 1681 632 1758 seio,
645 1680 796 1759 Quirites,
806 1682 1049 1766 qui,postquam
1064 1681 1211 1744 eonsules
1251 1694 1254 1703 '

130 1789 218 1872 sueti
232 1804 325 1866 sunt,
340 1803 413 1851 aeta
429 1790 585 1870 majorum
602 1802 634 1849 et
653 1778 844 1849 Graecorum
862 1788 1018 1851 militaria
1036 1804 1210 1874 praecepta

139 1896 239 1980 legere
256 1897 418 1981 coeperint
425 1925 435 1973 ,-
451 1895 592 1956 hemines
611 1896 811 1978 praeposteri
825 1903 845 1955 4.
867 1898 948 1956 Nam
967 1918 1096 1979 gerere,
1112 1921 1208 1980 quam

129 2005 209 2089 fieri
223 2017 252 2080 ⁵,
269 2018 407 2086 tempere
426 2002 603 2086 posterius,
625 2025 659 2065 re
687 2017 783 2086 atque
807 2025 866 2064 usu
886 2003 976 2085 prius
993 2017 1047 2065 est.
1074 2007 1209 2086 Campa-

137 2127 205 2173 rate
222 2133 305 2170 nune
314 2158 323 2187 ‚
342 2109 493 2189 QuiriteS,
509 2131 580 2170 eum
597 2107 726 2170 illorum
742 2109 892 2194 superbia
908 2133 956 2172 me
974 2108 1131 2172 hominem
1150 2133 1207 2170 no-

139 2242 217 2280 rum.
237 2220 323 2297 Quae
340 2216 392 2278 illi
413 2215 525 2279 audire
552 2231 583 2279 et
600 2216 702 2301 legere
718 2217 822 2281 solent
832 2267 840 2295 ,
857 2241 964 2281 eorum
979 2211 1104 2302 partein
1123 2214 1187 2277 vicli
1196 2265 1204 2291 ,
1267 2278 1270 2285 ,

138 2325 205 2388 alia
221 2340 341 2409 egomet
352 2326 436 2410 gessi
442 2353 452 2402 ,·
468 2348 550 2410 quae
567 2324 619 2387 illi
635 2324 768 2400 litteris,
783 2350 822 2387 ea
837 2349 892 2408 ege
908 2322 1077 2386 militando
1096 2321 1208 2387 didici,

139 2437 230 2496 Nune
255 2457 304 2495 vos
328 2435 537 2507 existumem,
551 2432 666 2513 saeta,
682 2455 725 2492 an
742 2430 828 2492 dieta
842 2431 945 2514 pluris
962 2432 1034 2493 sint.
1057 2435 1208 2495 Contem-

137 2555 219 2602 nunt
243 2541 410 2602 noritatem
435 2562 555 2614 meam,
578 2562 633 2622 ege
655 2537 785 2601 illerum
810 2538 977 2622 ignaviam.
1003 2535 1088 2600 Milti
1099 2537 1210 2620 sortu-

138 2673 194 2725 no,
210 2647 275 2710 illis
290 2646 407 2731 prolra
424 2645 632 2727 objectantur.
652 2648 851 2730 Quamquam
869 2669 924 2730 ege
942 2659 1091 2706 naturam
1109 2668 1208 2705 unam

139 2771 171 2818 et
185 2777 381 2818 communem
399 2754 538 2815 omniurn
555 2754 732 2830 existumo,
748 2755 804 2816 sed
817 2755 1033 2836 fortissimum
1050 2775 1207 2836 quemque

134 2862 417 2947 generosissumum
432 2866 451 2919 ⁶.
477 2864 520 2922 Ae
540 2861 569 2922 si
587 2863 656 2943 jem
677 2885 720 2924 ex
743 2861 888 2946 patribus
911 2860 1041 2938 Albini,
1064 2874 1122 2922 aut
1147 2863 1207 2921 Be-

138 2970 216 3031 stiae
233 2969 244 3006 ⁷
259 2967 371 3052 quaeri
383 2982 506 3050 posset,
522 2992 571 3030 me
588 2993 641 3046 ne,
657 2993 699 3032 an
717 2969 790 3031 illes
806 2994 850 3032 ea
865 2994 897 3033 se
911 2971 999 3054 gigni
1014 2967 1188 3034 maluerint
1198 2994 1208 3042 ,-

162 3147 172 3180 1
196 3125 341 3182 PeeuIiare
360 3125 416 3183 hec
435 3126 599 3197 nobilitati,
623 3141 656 3185 ut
713 3128 730 3185 5
749 3129 880 3203 Namque
901 3128 946 3182 isti
968 3126 1049 3201 prius
1077 3123 1209 3182 consules

137 3201 278 3256 haberent
297 3204 433 3277 imagines
455 3207 597 3279 majorum
626 3206 655 3259 in
694 3217 780 3278 atque
802 3205 872 3258 adeo
895 3204 1080 3276 imperatores
1112 3201 1208 3268 siunt,

139 3277 217 3332 atriiS
228 3277 342 3349 positas.
355 3278 428 3335 Vide
440 3300 503 3352 pag.
518 3299 563 3354 71,
577 3302 604 3336 n.
617 3282 643 3334 6.
695 3299 781 3352 quam
792 3279 951 3352 quidquam
961 3277 1078 3352 dignum
1089 3277 1209 3351 Imperi0

158 3370 174 3407 2
197 3352 254 3420 Qui
266 3371 415 3424 nunquam
428 3353 597 3410 militaverit.
694 3355 849 3428 gesserint:
876 3374 941 3409 cuni
963 3373 1009 3409 res
1031 3365 1117 3427 atque
1141 3371 1208 3406 usus

157 3427 175 3484 3
196 3424 313 3481 Mollitia
332 3427 407 3480 enim
427 3427 508 3482 fracti
527 3428 655 3498 nobiles,
693 3428 835 3504 postulet,
857 3443 888 3484 ut
900 3428 1077 3506 priusdigna
1089 3428 1208 3501 imperio

139 3516 188 3561 aut
197 3502 238 3559 rei
247 3500 374 3556 militaris
384 3502 474 3575 ignari
484 3502 655 3578 plerumque
694 3517 845 3579 gerantur,
865 3525 952 3580 quain
972 3505 1136 3562 obtineatur
1155 3503 1210 3555 im-

140 3580 210 3641 alios
233 3576 396 3652 deligebant
424 3576 523 3633 militia
546 3578 657 3648 elar0s3
694 3581 814 3655 perium.

142 3674 216 3730 quos
233 3654 341 3728 legatos
354 3652 495 3709 exercitus
507 3653 657 3722 faciehant,
714 3657 732 3712 6
753 3658 848 3713 Idest:
870 3655 1085 3713 nobilissimum.

140 3744 169 3786 et
191 3751 227 3785 ex
249 3749 349 3784 eorum
368 3729 506 3784 sententia
529 3749 561 3783 ac
584 3743 657 3787 nutu
715 3752 731 3808 7
752 3734 824 3788 Istos
844 3733 973 3789 nominat
990 3727 1210 3806 quilieetnobi·

139 3804 248 3860 bellum
261 3803 504 3860 administrabant.
694 3807 735 3864 les
748 3823 850 3878 essent,
868 3822 963 3864 tamen
974 3802 1104 3862 consules
1115 3805 1144 3858 in
1155 3803 1210 3859 hee

160 3878 179 3948 4
199 3880 257 3948 Qui
268 3892 337 3936 tunc
347 3880 474 3956 primum
495 3883 656 3959 praeceptis
694 3885 869 3960 Jngnrthino
887 3883 963 3943 bello
983 3881 1056 3938 male
1076 3899 1210 3958 reinges-

140 3954 350 4021 instituuntur,
372 3977 438 4013 cum
451 3955 610 4016 doctrinam
622 3960 659 4018 ad
697 3974 798 4021 serant.

141 4049 224 4095 usum
245 4031 373 4090 conserte
397 4032 542 4094 deberent.
