2888 4748
184 262 247 377 ¹32
494 305 530 372 o.
557 277 707 374 onrsrr
734 293 978 374 sannusru

203 476 269 541 est,
285 457 378 524 leniri
402 457 572 524 credebant
588 458 753 523 atrocitate
779 456 906 523 sceleris
930 480 1056 538 eorum,
1082 457 1138 547 qui
1154 483 1280 550 poenas

202 568 363 632 dederant.
373 565 472 630 Nobis
487 589 523 631 ea
538 589 588 630 res
602 590 661 655 pro
677 565 897 654 magnitudine
911 589 1026 655 parum
1040 582 1203 655 comperta
1217 583 1272 634 est.

250 675 380 740 XXIV.
399 671 463 738 Sed
477 674 510 738 iu
527 698 563 738 ea
579 674 801 757 conjuratione
817 673 878 737 fnit
888 674 925 758 Q.
937 673 1171 753 Curius,uatus
1186 674 1274 741 haud

202 781 339 848 obscuro
360 782 447 860 loco,
471 780 598 868 flagitiis
624 795 719 870 atque
743 780 939 845 facinoribus
964 795 1153 869 coopertus:
1177 806 1274 870 quem

200 910 351 954 censores
379 901 488 953 senatu
518 888 629 976 probri
658 889 759 976 gratia
782 890 790 912 ¹
816 901 1006 952 amoverant.
1032 889 1118 952 Huic
1150 887 1274 952 homini

201 1020 268 1061 non
292 997 397 1081 minor
415 995 538 1060 vanitas
561 995 680 1075 iuerat,
705 1017 802 1082 quam
829 994 982 1073 audacia3
1007 1017 1113 1084 neque
1139 995 1273 1060 reticere

201 1127 285 1192 quae
301 1088 462 1182 audierat,
477 1125 581 1191 neque
605 1114 728 1166 suamet
750 1101 820 1191 ipse
843 1101 962 1166 scelera
987 1103 1167 1167 occultare:
1182 1125 1273 1191 pror-

199 1234 257 1275 sus
281 1231 385 1298 neque
409 1209 531 1288 dicere,
555 1232 658 1298 neque
682 1208 786 1273 facere
810 1209 986 1298 quidquam
1009 1210 1102 1299 pensi
1125 1209 1269 1273 habebat.

200 1316 280 1381 Erat
303 1318 333 1381 ei
357 1341 431 1383 cum
454 1318 480 1380 F
483 1316 593 1382 ulvia¹
617 1315 750 1381 muliere
773 1316 875 1381 nobili
896 1317 1000 1407 stupri
1022 1331 1113 1384 vetus
1139 1339 1272 1384 consue·

198 1425 298 1504 tud03
322 1426 376 1490 cui
399 1448 472 1490 cum
487 1425 594 1488 minus
611 1438 719 1514 gratus
736 1439 835 1505 esset,
858 1425 945 1514 quod
961 1425 1193 1514 iuopiaminus
1210 1427 1271 1490 lar-

172 1533 260 1622 ‚giri
284 1547 425 1623 poterat,
448 1546 577 1623 repente
600 1532 764 1620 glorians,
788 1533 888 1596 maria
912 1547 1105 1622 montesque
1123 1525 1270 1624 polliceri

196 1642 321 1730 coepit,
337 1641 450 1704 minari
475 1639 634 1705 interdum
657 1639 759 1720 ferro,
775 1641 838 1704 nisi
862 1640 998 1706 obnoxia
1021 1640 1123 1705 foret:
1148 1632 1269 1729 postre-

198 1771 270 1828 mo,
293 1747 432 1812 ferocius
456 1749 575 1836 agitare
589 1743 619 1826 ³,
642 1771 738 1836 quam
763 1748 875 1813 solitus
899 1763 973 1812 erat.
1000 1747 1045 1810 At
1061 1747 1195 1826 Fulvia,
1220 1749 1268 1813 in-

197 1854 350 1925 solentiae
376 1856 467 1919 Curii
491 1879 604 1920 caussa
620 1855 764 1942 cognita,
780 1855 842 1918 tale
857 1854 1038 1943 periculum
1055 1855 1268 1944 Reipublicae

196 1959 284 2025 haud
308 1963 471 2027 occultum
494 1962 626 2041 habuit;
650 1962 733 2042 sed,
746 1961 870 2026 sublato
887 1975 1017 2055 auctore
1026 2010 1034 2042 ,
1050 1961 1089 2025 de
1107 1963 1266 2028 Catilinae

194 2070 441 2152 conjuratione,
466 2093 547 2158 quae
571 2069 817 2159 quoquomodo
842 2050 1029 2150 audierat?
1041 2070 1265 2160 compluribus

194 2178 343 2242 narravit.
360 2178 408 2240 Ea
424 2200 473 2241 res
490 2177 523 2239 in
539 2177 651 2265 primis
668 2176 773 2240 studia
789 2176 954 2241 bominum
971 2177 1117 2242 accendit
1133 2177 1174 2242 ad
1189 2201 1264 2242 con·

193 2284 334 2348 sulatum
357 2284 574 2348 mandandum
599 2285 642 2346 M.
665 2284 772 2347 Tullio
791 2283 940 2348 Ciceroni
956 2285 974 2346 ⁴.
1001 2285 1146 2372 Namque
1171 2298 1264 2350 antea

191 2391 345 2482 pleraque
369 2392 519 2456 nobilitas
542 2391 662 2456 invidia
687 2392 868 2472 aestuabat,
888 2407 918 2456 ct
942 2393 1034 2481 quasi
1057 2391 1161 2480 pollui
1187 2415 1262 2456 con-

192 2501 332 2565 sultaum
355 2499 544 2579 credebant,
569 2500 595 2562 si
620 2522 713 2579 eum,
729 2501 874 2588 quamvis
894 2500 1059 2588 egregius,
1082 2499 1180 2563 homo
1204 2522 1261 2564 no·

190 2605 275 2672 vus⁵
300 2608 431 2696 adeptus
455 2606 544 2670 foret.
571 2605 653 2687 Sed,
677 2606 734 2671 ubi
757 2607 937 2697 periculum
957 2606 1107 2688 advenit,
1136 2606 1261 2675 invidia

189 2727 288 2802 utque
313 2715 461 2803 superbia
484 2729 558 2803 post
581 2714 678 2779 fuere.

211 2962 222 2996 r
248 2941 296 2997 Ob
316 2942 391 2999 vitae
412 2941 627 3018 turpitudinem.
743 2945 801 3000 ruit
821 2945 875 3000 sub
896 2941 1052 3012 Sulla,sed
1061 2938 1157 3001 statim
1178 2965 1258 3002 artua

209 3017 346 3074 aFulvia
379 3039 452 3094 quae
482 3018 617 3076 vilissima
645 3039 704 3074 me·
743 3020 874 3096 reliquit,
904 3034 935 3076 ut
960 3039 989 3077 se
1010 3019 1150 3076 conferret
1168 3020 1257 3078 Athe-

188 3094 276 3149 retrix
300 3115 316 3149 a
339 3093 425 3151 Floro
447 3095 631 3171 appellatur,
652 3096 705 3151 suit
743 3117 811 3165 nas,
831 3097 882 3152 ubi
902 3110 1074 3165 extremam,
1101 3108 1134 3151 ut
1152 3094 1191 3150 ita
1212 3097 1256 3152 di·

187 3188 264 3225 nxor
287 3169 382 3226 Clodii
410 3184 438 3228 et
464 3185 563 3248 postea
586 3173 624 3226 Μ.
645 3174 705 3226 An-
745 3193 818 3239 cam,
828 3172 1007 3248 eloquentiae
1027 3191 1143 3228 manum
1162 3171 1256 3248 impo-

188 3247 267 3300 tonii.
745 3249 808 3304 suit.
830 3249 986 3324 Regressus
1006 3249 1036 3304 in
1047 3247 1158 3302 Italiam
1178 3269 1256 3305 anuo

205 3320 223 3376 3
243 3322 334 3391 idest,
355 3343 384 3379 se
405 3344 509 3398 gerere.
737 3325 909 3392 DCLXXX,
931 3338 1068 3399 quaestor
1088 3324 1188 3393 sactus,
1210 3325 1255 3380 si-

204 3397 224 3469 4
244 3399 358 3454 Marcus
370 3399 482 3456 Tullius
495 3400 597 3456 Cicero
613 3413 699 3456 natus
737 3400 831 3455 ciliam
851 3421 960 3457 summa
980 3398 1133 3476 prudentia
1155 3419 1188 3454 nc
1207 3400 1252 3454 iu-

184 3488 228 3530 est
255 3475 356 3549 Arpini
385 3495 400 3528 a
431 3475 526 3531 Tullio
557 3477 697 3532 Cicerone
736 3477 866 3551 tegritate
894 3476 1110 3532 administravit.
1140 3474 1251 3531 Deinde

183 3551 698 3625 equiteRornanoetElvia‚auuoab
738 3551 835 3610 aedilis
860 3574 893 3609 ac
923 3565 1039 3629 praetor
1059 3565 1170 3607 creatus
1191 3571 1252 3606 ma-

183 3628 257 3682 urbc
278 3626 392 3683 condita
415 3627 588 3692 DCXLVII,
600 3628 696 3683 Profe·
736 3650 824 3704 gnam
844 3630 898 3684 sibi
917 3629 1152 3685 existimationem
1172 3627 1252 3702 apud

183 3716 247 3759 etus
274 3705 394 3759 Romam
426 3703 589 3760 adolescens
618 3703 697 3760 dedit
736 3725 834 3761 omnes
854 3703 1163 3780 comparavitetpctiit
1181 3723 1251 3760 con-

182 3799 302 3852 operam
325 3779 524 3856 philosophiae
544 3778 694 3835 Academi·
734 3780 859 3836 sulatum
880 3802 955 3836 aurio
976 3779 1188 3835 DCLXXXIX.

181 3875 231 3909 cae
251 3856 305 3910 snb
318 3856 452 3924 Philone,
464 3870 492 3912 et
504 3855 621 3932 publico
638 3858 695 3930 juri
753 3856 770 3912 5
790 3858 903 3912 Dicitur
914 3857 1002 3910 homo
1011 3874 1108 3913 novus
1120 3855 1171 3929 qui
1183 3855 1250 3911 nul-

181 3929 235 3986 sub
245 3932 335 3986 Mutio
348 3931 600 4000 Seevola,scnatus
611 3933 691 4007 prin·
729 3933 757 3988 la
778 3935 889 4008 generis
909 3945 937 3988 et
961 3932 1119 4008 prosapiae
1144 3931 1249 3991 nohili-

180 4005 250 4082 oipe.
262 4007 339 4064 Bello
348 4008 470 4066 Marsico
480 4008 621 4085 stipendia
633 4029 691 4064 me-
724 4021 787 4065 'tate
808 4007 1033 4066 commendetur.
