2888 4748
234 335 306 414 'aad
529 330 565 399 C.
591 330 740 401 CRISPI
766 328 1008 402 stLLusTtt

235 499 416 565 vocaretur,
430 507 542 550 rursus
559 486 665 576 coepit
680 487 805 551 flectere
821 495 829 519 ¹
846 485 987 552 animum
1003 507 1109 567 suum,
1125 499 1207 550 etex
1222 486 1305 554 male

238 592 433 657 conscientia
448 592 544 681 digna
558 595 678 658 timere.
696 595 846 682 Denique
867 595 975 659 multis
998 593 1110 658 diebus
1131 617 1188 683 per
1211 593 1302 659 dubi-¹

236 701 391 764 tationem
414 699 606 780 consumtis,
629 722 703 764 cum
725 700 819 764 modo
843 700 947 764 taedio
970 722 1077 765 rerum
1100 700 1305 768 advorsarum

238 807 346 871 omnia
367 807 450 871 bello
473 808 598 896 potiora
621 807 771 884 duceret,
794 806 953 871 interdum
971 826 1080 871 seeum
1095 808 1163 896 ipse
1178 821 1314 896 reputa.

237 928 305 994 ret,
320 937 416 1003 quem
431 914 535 1002 gravis
551 938 644 978 casus
659 915 692 977 in
709 915 873 980 servitium
896 938 932 978 ex
954 937 1051 1002 regno
1073 912 1174 991 soret;
1195 915 1306 980 multis

238 1023 427 1110 magnisque
442 1021 609 1110 praesidiis
630 1022 844 1110 nequicquam
867 1020 1018 1110 perditis,
1034 1022 1073 1086 de
1096 1020 1217 1110 integro
1240 1021 1305 1085 bel.—

239 1129 309 1192 lum
334 1128 438 1195 sumit.
464 1128 505 1190 Et
532 1129 653 1193 Rornae
677 1143 833 1209 senatus,
857 1128 896 1199 dc
919 1127 1092 1218 provinciis
1123 1127 1305 1210 consultus,

240 1234 427 1299 Numidiam
451 1235 580 1299 Metello
604 1235 793 1301 decreverat.

288 1340 430 1408 LXVII.
455 1342 518 1408 Per
533 1342 617 1407 idem
641 1358 765 1433 tempus
782 1343 897 1409 Uticae
920 1343 1000 1410 sorte
1026 1343 1061 1408 C.
1078 1343 1181 1408 Mario
1197 1340 1226 1423 ¹,
1248 1355 1307 1433 per

240 1449 362 1515 hostias
385 1450 445 1515 diis
470 1450 681 1540 supplicanti,
704 1474 818 1537 magna
850 1468 945 1538 atque
975 1451 1137 1515 mirabilia
1156 1450 1308 1536 portendi

241 1553 427 1646 haruspex⁸
449 1557 589 1635 dixerat,
608 1559 762 1644 proinde,
785 1584 866 1645 quae
890 1562 996 1623 animo
1020 1558 1182 1645 agitabat,
1195 1561 1313 1641 fretus⁸

241 1661 303 1726 diis
319 1681 425 1750 ageret
436 1667 618 1750 :fortunam
634 1691 729 1753 quam
744 1669 936 1752 saepissume
952 1668 1175 1752 experiretur:
1189 1679 1307 1728 cuncto

240 1795 389 1858 prospere
405 1789 563 1836 eventura.
574 1772 618 1837 At
633 1773 724 1838 illum
738 1777 803 1858 jam
819 1788 910 1839 antea
926 1774 1109 1860 consulatus
1125 1773 1236 1861 ingens
1251 1795 1307 1836 cu·

242 1876 320 1968 pido
344 1879 539 1967 exagitabat:
563 1880 603 1944 ad
624 1904 718 1968 quem
741 1882 956 1973 capiundum,
971 1894 1096 1971 praeter
1117 1892 1307 1946 vetustatem

243 1983 400 2065 familiae,
424 1985 485 2051 alia
501 1988 607 2050 omnia
624 1988 750 2053 abunde
765 2005 870 2054 erant:
885 1988 1060 2068 industria,
1074 1987 1235 2077 probitas,
1249 1986 1308 2050 mi·

243 2089 331 2156 litiae
353 2115 467 2183 magna
490 2094 640 2176 scientia,
665 2097 789 2161 anImus
805 2096 880 2161 belli
895 2097 1022 2186 ingens,
1036 2095 1123 2161 domi
1142 2093 1309 2172 modicus;

242 2197 396 2265 lubidinis
419 2215 450 2264 et
469 2200 651 2268 divitiarum
674 2203 794 2281 victor,
817 2203 1036 2267 tantummodo
1052 2200 1306 2291 gloriaeavidus.

244 2305 309 2369 Sed
324 2306 351 2372 is
368 2322 462 2372 natus
477 2323 508 2373 et
524 2332 649 2374 omnem
665 2309 835 2399 pueritiam
851 2309 969 2399 Arpini
984 2309 1081 2390 altus,
1097 2309 1153 2372 ubi
1167 2309 1307 2398 primum

241 2426 327 2478 actas
344 2414 476 2480 militiae
490 2416 614 2506 patiens
629 2418 708 2497 fuit,
731 2416 896 2506 stipendiis
912 2415 1089 2497 faciundis,
1105 2438 1169 2480 non
1186 2416 1308 2479 Graeca

242 2520 411 2603 facundia,
426 2547 530 2611 neque
545 2524 675 2588 urbanis
691 2524 855 2589 munditiis
870 2522 882 2560 ⁴
897 2548 965 2589 sese
980 2524 1140 2588 exercuit:
1163 2525 1207 2588 ita
1226 2522 1309 2587 inter

243 2631 322 2694 artis
344 2630 444 2694 bonas
468 2631 627 2720 integrum
651 2631 815 2720 ingenium
836 2636 848 2673 ⁵
870 2632 959 2697 brevi
982 2631 1128 2696 adolevit.
1145 2631 1230 2720 Ergo
1253 2631 1310 2695 ubi

242 2737 384 2826 primum
399 2737 597 2802 tribunatum
612 2738 782 2804 militarem
797 2763 815 2802 a
830 2740 951 2830 populo
965 2747 977 2784 ⁶
990 2740 1081 2830 petit,
1090 2740 1249 2827 plerisque
1264 2738 1309 2801 fa·

244 2844 326 2908 ciem
342 2847 411 2927 ejus
426 2844 666 2932 ignorantibus,
683 2846 777 2911 facile
792 2861 886 2912 notus
901 2846 912 2882 ⁷
926 2871 983 2937 per
1007 2847 1108 2912 omnis
1131 2846 1232 2910 tribus
1256 2845 1308 2908 de-

205 3003 208 3009 .
244 2951 392 3017 claretur.
416 2951 542 3016 Deinde
565 2953 603 3016 ab
628 2977 665 3017 co
689 2955 892 3042 magistratu,
913 2955 1010 3018 aliurn
1032 2966 1104 3043 post
1128 2952 1226 3015 alium
1248 2951 1308 3016 sibi

244 3059 395 3151 peperit:
418 3082 605 3150 semperque
626 3061 659 3125 in
680 3062 891 3152 potestatibus
914 3083 951 3125 eo
974 3060 1069 3124 modo
1094 3059 1250 3150 agitabat,
1273 3073 1313 3123 ut

266 3347 277 3383 1
293 3328 406 3386 Ducere
417 3331 447 3387 in
457 3334 627 3388 contrariam
635 3344 758 3408 partem,
795 3331 869 3389 Vide
880 3345 977 3388 notam
994 3353 1018 3400 1,
1029 3354 1092 3410 pag.
1106 3335 1150 3407 [19.

244 3405 318 3462 idest
337 3427 353 3462 a
372 3406 515 3464 deditione
535 3411 660 3464 animum
674 3429 759 3468 revo-
814 3409 832 3480 4
852 3409 1015 3484 Elegantia,
1037 3410 1151 3466 deliciis.

245 3503 319 3542 care.
815 3485 831 3542 5
852 3485 936 3541 Nulla
963 3485 1036 3541 mala
1058 3485 1186 3541 lubidine
1209 3503 1309 3540 corru-

264 3578 280 3616 2
302 3562 392 3692 Ca'pps
410 3561 518 3619 Marius
540 3559 686 3636 municeps
705 3561 759 3615 Ar·
797 3575 889 3636 ptum.

243 3638 337 3712 pines,
368 3636 448 3694 umili
464 3652 550 3713 atque
561 3635 685 3691 obscuro
695 3634 759 3693 loeo
816 3638 834 3692 6
855 3637 1000 3692 Tribunos
1011 3636 1145 3691 militares
1158 3654 1190 3691 ea
1201 3646 1310 3709 tempe·

243 3725 340 3781 natus,
352 3713 539 3789 amplissimos
551 3711 674 3766 honores
690 3731 758 3767 con·
796 3725 866 3769 state
878 3714 1005 3788 populus
1017 3711 1137 3767 comitiis
1149 3709 1272 3764 creabat.

245 3803 361 3845 secutus
380 3795 430 3844 es't.
448 3792 520 3846 Nam
540 3788 643 3862 septies
659 3787 759 3843 consul
816 3789 912 3865 7Etsi
944 3787 1073 3863 plerique
1103 3785 1203 3840 faciem
1228 3785 1311 3840 Marii

244 3883 356 3922 summo
364 3865 466 3941 populi
476 3863 568 3921 studio
578 3877 689 3919 creatus
698 3863 757 3920 tuit.
796 3885 855 3920 non
864 3863 1010 3930 vidissent,
1021 3863 1094 3918 bene
1107 3873 1199 3915 tamen
1212 3860 1247 3915 de
1259 3880 1313 3915 no·

263 3939 281 3995 3
303 3940 371 4010 Qui,
386 3961 532 4000 caesarum
540 3940 699 3996 hostiarum
709 3959 759 3994 ex·
797 3941 883 4007 mine,
894 3951 1016 4015 propter
1034 3937 1137 3992 sarnam
1157 3935 1233 3993 bello
1244 3955 1316 4015 par·

244 4016 280 4074 tis
310 4016 445 4096 inspectis
455 4059 466 4086 ,
485 4018 581 4074 flatura
613 4015 758 4096 praedicit.
797 4027 866 4084 tam,
885 4012 1116 4070 notusomnibus
1132 4024 1205 4076 erat,
