2888 4748
367 339 557 408 sanctus
581 300 920 406 ruomrcruou
1138 339 1201 429 ιε,

135 507 328 571 turmarum,
351 491 514 580 legionum
528 489 688 555 tubicines
709 489 805 553 simul
829 489 932 552 omnis
956 486 1046 574 signa
1069 509 1201 569 canere,

134 601 251 664 milites
275 598 445 662 clamorem
476 598 609 678 tollere,
641 611 735 684 atque
758 594 858 684 portis
888 617 1061 682 erumpere.
1092 595 1200 659 Mauri
1258 592 1259 596 ’

131 720 227 794 atque
253 705 402 786 Gaetuli,
426 706 535 794 ignoto
560 719 591 770 et
612 702 760 767 horribili
790 702 898 767 sonitu
929 716 1058 790 repente
1086 701 1200 782 exciti,
1284 748 1287 753 -

129 835 236 901 neque
258 813 387 903 fugere,
412 834 516 902 neque
540 833 626 876 arma
649 833 783 900 capere,
806 832 911 898 neque
942 808 1071 873 omnino
1092 807 1198 872 facere

133 934 189 984 aut
204 921 372 1011 providere
389 919 565 1007 quidquam
580 933 740 1008 poterant3
755 918 800 982 ita
816 931 961 996 cunctos,
978 914 1122 1005 strepitu,
1138 914 1200 979 cla-

132 1049 238 1108 more,
262 1027 352 1091 nullo
377 1025 594 1106 subveniente,
609 1026 726 1090 nostris
742 1024 950 1102 instantibus,
966 1022 1123 1101 tumultu,
1139 1036 1199 1086 ter-

132 1155 223 1213 rore,
239 1131 427 1210 formidine,
449 1132 540 1218 quasi
555 1133 723 1198 vecordia¹
739 1183 748 1212 ,
772 1142 906 1220 ceperat.
924 1130 1074 1218 Denique
1090 1152 1199 1194 omnes

37 1222 48 1229 ι’
133 1239 198 1305 fusi
228 1237 410 1327 fugatique:
440 1261 527 1302 arma
555 1253 587 1302 et
615 1239 704 1326 signa
728 1238 878 1302 militaria
906 1238 1058 1326 pleraque
1089 1251 1200 1326 capta:
1273 1248 1276 1256 “

133 1345 307 1435 pluresque
331 1368 368 1409 eo
392 1346 534 1435 proelio,
557 1367 653 1434 quam
680 1344 831 1409 omnibus
859 1345 1099 1434 superioribus,
1122 1346 1200 1409 inte-

75 1513 76 1517 ,
135 1453 236 1518 remti.
262 1453 344 1521 Nam
367 1476 478 1518 somno
502 1466 533 1517 et
555 1467 642 1516 metu
665 1452 794 1516 insolito
818 1451 960 1542 inpedita
983 1451 1072 1540 suga·

183 1561 252 1625 GV.
278 1559 363 1625 Dein
388 1560 529 1640 Marius,
553 1560 601 1623 uti
625 1574 788 1649 coeperat,
811 1561 844 1623 in
869 1559 1003 1624 hiberna
1025 1558 1201 1650 proficisci-

136 1682 209 1746 tur,
233 1691 315 1755 quae
337 1682 468 1757 propter
491 1681 701 1731 commeatum
717 1667 751 1729 in
775 1667 1084 1756 oppidismaritimis
1108 1691 1203 1756 agere

138 1774 336 1840 decreverat:
361 1797 465 1862 neque
489 1788 594 1837 tamen
618 1772 752 1839 victoria
777 1797 881 1837 secors
905 1788 961 1836 aut
984 1774 1126 1839 insolens
1157 1775 1201 1838 sa-

138 1896 228 1956 ctus;
257 1879 313 1944 sed
343 1882 461 1968 pariter
493 1895 588 1968 atque
612 1879 646 1940 in
671 1894 844 1967 conspectu
863 1877 1023 1957 hostium,
1047 1880 1201 1968 quadrato

139 1986 442 2074 agmineincedere.
470 1983 561 2049 Sulla
584 2007 658 2048 cum
688 1987 830 2074 equitatu
854 1984 941 2074 apud
964 1985 1143 2051 dextimos·¹
1165 1989 1200 2052 in

141 2093 268 2156 sinistra
292 2106 381 2181 parte
403 2091 441 2155 Α.
459 2092 600 2157 Manlius
625 2116 698 2158 cum
722 2092 936 2157 funditoribus
961 2107 991 2157 et
1015 2094 1202 2184 sagittariis,

139 2213 301 2288 praeterea
325 2199 470 2265 cohortes
494 2200 651 2290 Ligurum
675 2201 824 2266 curabat:
848 2202 968 2290 primos
992 2216 1023 2266 et
1047 2215 1203 2266 extremos

138 2330 214 2370 cum
239 2307 391 2397 expeditis
416 2308 589 2398 manipulis
613 2309 758 2372 tribunos
774 2308 939 2376 locaverat.
957 2307 1131 2396 Perfugae,
1146 2309 1204 2371 mi·

142 2414 227 2478 nime
242 2415 308 2479 cari
323 2414 339 2455 ³
349 2429 380 2478 et
395 2416 562 2503 regionum
578 2414 797 2492 scientissimi,
817 2413 957 2477 bostium
979 2414 1040 2478 iter
1062 2415 1202 2504 explora-

141 2519 226 2584 bant.
254 2522 358 2584 Simul
380 2521 513 2601 consul,
536 2520 627 2608 quasi
650 2520 764 2585 nullo⁴
787 2521 945 2610 inposito,
971 2523 1077 2585 omnia
1099 2523 1204 2612 provi·

143 2626 235 2691 dere:
268 2627 354 2716 apud
384 2627 487 2692 omnis
519 2627 643 2708 adesse,
673 2627 822 2708 laudare,
854 2629 1018 2718 increpare
1037 2630 1205 2695 merentis.

143 2734 216 2823 Ipse
241 2750 380 2799 armatus
404 2735 609 2823 intentusque
639 2734 716 2800 item
746 2735 861 2801 milites
890 2737 1021 2824 cogebat
1039 2739 1071 2817 ⁵,
1102 2759 1206 2825 nequo

97 2908 98 2911 ,
145 2865 254 2921 secus,
278 2857 374 2930 atque
395 2841 455 2906 iter
477 2842 580 2906 facere
594 2844 623 2922 ⁶,
646 2856 747 2907 castra
774 2843 919 2924 munire,
941 2844 1150 2909 excubitum⁷
1172 2846 1205 2909 in

144 2963 237 3037 porta
260 2950 399 3015 cohortis
423 2974 460 3015 ex
483 2950 677 3038 legionibus,
703 2975 762 3040 pro
791 2952 901 3017 castris
931 2953 1052 3041 equites
1076 2953 1206 3019 aurilia-

145 3056 210 3122 rios
233 3057 376 3121 mittere:
401 3072 563 3147 praeterea
586 3059 663 3123 alios
687 3080 782 3147 super
805 3060 928 3125 vallum.
947 3062 980 3123 in
1002 3060 1207 3125 munimentis

144 3162 270 3245 locare,
287 3166 417 3258 -vigilias
441 3166 511 3254 ipse
535 3165 694 3247 circuire,
713 3150 789 3230 ¹non
818 3181 882 3230 tam
905 3165 1082 3233 diffidentia
1106 3167 1208 3232 futuri

169 3364 179 3398 1
196 3344 285 3413 Quasi
297 3346 418 3400 amentia
430 3357 458 3401 et
469 3346 578 3401 insania
590 3367 660 3404 cun·
718 3347 738 3418 4
757 3348 846 3417 Quasi
865 3350 1007 3405 neminem
1019 3369 1071 3405 suo
1082 3348 1146 3407 loeo
1158 3371 1209 3406 cu-

148 3433 209 3476 ctos
227 3433 434 3496 occupaverat;
454 3441 521 3475 nam
542 3434 586 3477 stu
610 3442 659 3478 ore
697 3442 760 3479 rare
780 3425 913 3497 jussisset.

147 3517 182 3551 ac
202 3507 310 3552 terrore
337 3495 502 3554 nesciebant
525 3497 576 3572 qui
615 3498 656 3552 fa·
714 3497 864 3556 5Pudore
885 3501 1019 3575 quodam,
1041 3503 1209 3577 cumimpe·

149 3583 253 3629 cereut.
700 3588 824 3631 ratorem
843 3591 985 3633 armatum
1004 3576 1141 3635 viderent.

169 3649 254 3702 ans
263 3647 313 3722 qui
322 3647 352 3702 in
361 3645 477 3703 dextera
487 3661 665 3724 erantparte.
723 3652 741 3706 6
762 3651 867 3708 Eadem
888 3673 966 3722 eura,
987 3673 1044 3728 qua
1057 3654 1109 3708 iter
1126 3653 1209 3709 sacie-

168 3721 326 3799 3Perfugis
334 3724 604 3799 periculosissimum
613 3746 663 3780 ne·
701 3725 766 3794 bat,
787 3729 933 3784 muniebat
952 3742 1052 3787 eastra.
1086 3772 1087 3775 η

151 3797 259 3872 gotium
276 3799 467 3874 demandabat
478 3801 596 3867 Marius,
612 3821 662 3856 ex·
720 3822 736 3880 7
749 3803 832 3859 Idest:
847 3804 977 3861 mittebat
986 3804 1116 3861 cobortes
1124 3803 1213 3880 legib-

149 3871 284 3947 plorandi
301 3877 354 3948 ite'r
370 3875 513 3945 hostium3
531 3875 598 3949 quia
610 3877 662 3930 rni-
700 3879 794 3934 nerias
814 3901 887 3954 quae
906 3882 937 3936 in
963 3882 1076 3956 portis,
1105 3882 1214 3955 equites

150 3967 207 4006 nus
220 3951 288 4018 cari,
300 3972 387 4026 quam
404 3955 479 4011 cives
489 3965 576 4026 atque
587 3952 665 4025 socii,
704 3953 865 4015 auxdiarios
885 3958 1012 4035 quiante
1025 3970 1116 4017 castra
1128 3977 1214 4018 exou-

151 4022 245 4084 viliori
255 4041 347 4087 essent
356 4029 471 4105 damno,
481 4029 502 4089 si
511 4029 669 4106 periissent.
708 4029 817 4091 barent.
