2888 4748
400 330 589 414 esctun
613 319 965 417 Jueuusnnmu
1146 358 1225 430 ιη,
1249 424 1255 451 γ’

146 495 308 590 Jugurtha
322 494 379 563 ubi
402 499 565 587 gentium,
589 510 644 561 aut
666 493 745 584 quid
767 493 1015 584 agitaret,‚cum
1038 486 1153 578 paucis
1175 489 1216 552 n'e

147 620 239 687 esset,
254 629 295 670 an
311 605 484 672 exercitum
499 605 648 682 haberet,
663 617 700 666 ut
716 624 783 666 sese
798 601 902 667 victus
918 610 1052 689 gereret,
1075 595 1219 697 exploras

146 726 217 777 tum
239 713 333 778 misit.
352 711 397 777 At
419 712 474 776 ille
498 733 566 777 sese
590 708 719 773 inloca
743 708 881 773 saltuosa
905 721 937 771 et
960 702 1227 779 naturamunita¹

146 828 311 907 receperat
326 847 334 884 :
357 819 467 908 ibique
488 818 619 907 cogebat
634 815 806 891 exercitum
821 836 954 879 numero
969 811 1138 876 bominum
1154 831 1219 872 am-

145 927 301 1017 pliorem,
318 926 373 992 sed
387 925 532 990 hebetem
555 923 804 1013 infirmumque,
819 922 888 1011 agri
910 943 948 985 ac
966 918 1091 1008 pecoris
1107 916 1221 1005 magis,

144 1057 244 1123 quam
258 1033 352 1113 belli,
375 1032 538 1098 cultorem.
555 1031 593 1097 Id
608 1056 645 1098 ea
653 1031 763 1122 gratia
777 1030 959 1108 eveniebat,
983 1026 1071 1116 qued
1093 1039 1220 1117 praeter

144 1141 250 1230 regios
281 1138 404 1227 equites
432 1161 524 1204 nemo
548 1141 693 1205 omnium
717 1137 930 1205 Numidarum
953 1159 990 1200 ex
1014 1133 1090 1224 fuga
1114 1154 1221 1222 regem

145 1247 318 1336 sequitur:
342 1268 406 1335 quo
427 1248 588 1334 cujusque
611 1246 737 1310 animus
753 1244 833 1326 fert,
857 1268 894 1310 eo
911 1242 1097 1329 discedunt:
1114 1264 1220 1330 neque

147 1353 183 1418 id
205 1351 362 1443 flagitium
383 1351 517 1418 militiae
540 1351 697 1419 ducitur:
722 1351 766 1416 ita
790 1375 825 1418 se
847 1375 951 1417 mores
973 1350 1100 1415 habent.
1117 1336 1223 1439 Igitur

148 1458 319 1540 Meteilus,
340 1458 399 1525 ubi
414 1458 501 1526 videt
516 1461 660 1531 animum
675 1460 758 1549 regis
774 1461 870 1526 etiam
885 1474 954 1525 tum
970 1457 1107 1530 feracem
1132 1479 1222 1536 esse3

147 1565 268 1632 bellum
298 1568 462 1648 renovari,
486 1568 659 1658 quodnisi
683 1591 720 1633 ex
744 1567 831 1633 illius
854 1567 1000 1633 lubidine
1024 1578 1033 1602 ¹
1057 1567 1124 1655 geri
1153 1587 1219 1631 nou

146 1688 255 1764 posset
272 1702 281 1752 3
301 1688 466 1764 praeterea
489 1677 656 1741 inimicum
681 1689 839 1741 certamen
865 1675 926 1741 sibi
950 1698 1025 1742 cum
1047 1673 1222 1753 hostibutt3

146 1780 271 1847 minore
286 1781 474 1848 detrimento
499 1783 571 1848 illos
595 1783 700 1862 vinci,
725 1806 822 1872 quam
846 1806 922 1847 suos
945 1783 1093 1848 vincere:
1110 1781 1222 1846 statuit

145 1908 214 1952 uon
236 1888 385 1978 proeliis,
408 1912 512 1978 neque
542 1890 637 1970 acie,
665 1889 721 1954 scd
752 1891 813 1954 alio
845 1913 932 1955 more
960 1889 1081 1954 bellum
1104 1911 1220 1979 gerunt-

145 1993 235 2058 dum.
260 1995 373 2082 Itaque
395 1996 428 2057 in
453 1997 621 2060 Numidiae
636 1997 708 2061 loca
725 1997 966 2088 opulentissima
989 1997 1111 2087 pergit:
1128 2019 1220 2086 agros

147 2114 274 2166 vastat:
298 2100 398 2165 multa
422 2103 549 2166 castella
572 2118 604 2167 et
626 2104 764 2194 oppida,
787 2120 904 2173 temere
925 2105 1049 2170 munita
1074 2117 1130 2168 aut
1151 2102 1221 2179 sine

145 2207 325 2296 praesidio,
349 2207 433 2298 capit
456 2210 679 2302 incenditque,
703 2214 840 2304 puberes
864 2211 1002 2279 interfici
1023 2212 1131 2296 jubet:
1157 2210 1221 2275 alia

143 2315 256 2378 omnia
278 2309 415 2380 militum
438 2318 588 2408 praedam
611 2344 688 2385 csse.
714 2322 763 2384 Ea
785 2320 957 2386 formidine
979 2321 1074 2387 multi
1104 2332 1219 2383 morta-

145 2421 194 2485 les
219 2422 372 2487 Romanis
387 2423 486 2489 dediti
502 2426 626 2491 obsides
646 2453 652 2490 :
677 2427 873 2492 frumentum
888 2444 920 2493 et
934 2429 1015 2509 alia,
1040 2450 1122 2516 quae
1144 2424 1242 2516 usui'

144 2527 271 2608 forent,
294 2527 415 2593 affatim
437 2532 605 2621 praebita:
629 2517 826 2624 ubicumque
841 2561 891 2616 res
906 2535 1106 2625 postulabat,
1127 2554 1219 2625 prae·

147 2633 266 2700 sidium
281 2635 465 2723 inpositum.
484 2640 573 2723 Quae
588 2643 716 2730 negotia
739 2644 840 2708 multo
864 2644 983 2733 magis,
1007 2666 1103 2733 quam
1128 2663 1219 2731 prce·

145 2740 227 2805 lium
257 2741 339 2806 male
369 2759 546 2832 pugnatum
576 2748 615 2812 ab
645 2750 734 2831 suis,
757 2774 863 2840 regem
893 2750 1062 2816 terrebant.
1089 2750 1220 2840 Quippe

145 2850 240 2932 cujus
265 2872 336 2938 spes
362 2852 464 2916 omnis
488 2853 521 2917 in
545 2852 620 2944 fuga
645 2856 705 2922 sita
729 2872 820 2939 erat,
844 2859 951 2948 sequi·
965 2860 1164 2947 cogebatur;
1188 2870 1221 2922 ct

146 2955 202 3041 qui
226 2955 295 3021 loca
318 2956 485 3023 defendere
508 2963 713 3051 nequiverat,
737 2965 772 3028 in
795 2966 933 3031 alienis·
953 2965 1074 3030 bellum
1098 2988 1216 3055 gerere.

147 3061 267 3126 Tamen
290 3087 327 3128 ex
349 3064 483 3154 inopia,
513 3069 601 3156 quod
632 3086 800 3161 optumum
823 3073 1018 3154 videbatur,
1044 3073 1216 3138 consilium

146 3169 257 3256 capit:
281 3173 454 3236 exercitum
481 3174 671 3265 plerumque
696 3179 731 3242 in
755 3179 874 3256 eisdem
896 3180 977 3245 locis
1001 3180 1142 3270 opperiri
1166 3183 1217 3264 ju-

92 3306 95 3311 ·
144 3270 224 3336 bet:
248 3273 317 3362 ipse
341 3300 414 3340 cum
438 3278 568 3347 delectis
593 3285 754 3372 equitibus
779 3287 945 3352 Metellum
969 3289 1114 3378 sequitur
1131 3284 1218 3354 :nc-

147 3380 269 3444 cturnis
287 3395 318 3445 ct
334 3383 412 3447 aviis
429 3385 596 3453 itineribus
612 3390 796 3478 ignoratus,
813 3393 975 3461 Romanos
990 3399 1128 3486 palantis
1144 3409 1154 3448 ³
1170 3422 1218 3485 re·

144 3501 240 3575 pente
264 3487 454 3577 adgreditur.
481 3493 602 3558 Eorum
622 3497 766 3586 plerique
791 3501 926 3575 inermes
951 3504 1095 3585 cadunt,
1124 3505 1219 3570 multi
1259 3562 1261 3567 .

85 3610 88 3617 “
145 3594 335 3682 capiuntur:
359 3619 453 3662 nemo
477 3602 619 3695 omnium
643 3604 781 3672 intactus
805 3608 969 3699 profugit3
993 3627 1024 3679 et
1047 3612 1218 3696 Numidae,

48 3951 55 3966 .
97 3930 100 3933 ,
165 3877 273 3964 rNsm
285 3879 315 3935 in
327 3881 413 3970 sylpis
422 3883 600 3965 desertisque
616 3891 659 3950 lc·
717 3892 833 3951 enum
850 3897 1022 3976 praedatum
1033 3912 1084 3960 aut
1094 3899 1220 3980 pabule·

147 3965 186 4008 ess
198 3972 227 4008 se
240 3960 461 4018 communiebat.
701 3982 761 4028 turn
772 3973 854 4032 irent.

164 4045 180 4084 a
200 4029 226 4087 A
237 4031 351 4098 Metello
361 4037 418 4108 jam
431 4040 529 4116 ceptis
