2888 4748
295 387 298 392 ,
378 314 572 385 seucum
597 315 943 389 cr‘umrtamurr
1155 303 1200 412 sss

118 476 208 564 prius
236 474 421 564 Ciceronem
447 474 653 558 oppressisset
676 499 685 538 .·
708 498 782 539 eum
804 475 871 539 suis
894 467 1039 538 consiliis
1062 467 1202 535 multum

121 585 256 669 efficere.

167 688 301 755 XXIX.
319 686 424 778 Igitur
439 687 619 777 perterritis
635 711 674 754 ac
689 686 912 754 dubitantibus
928 683 1055 767 ceteris,
1072 683 1109 750 G.
1124 683 1203 752 Gor·

118 798 224 863 nelius
234 818 249 878 ,·
259 819 356 886 eques
373 797 556 877 Romanus,
572 803 703 886 operam
720 819 813 863 suam
828 795 1009 886 pollicitus,
1025 808 1148 859 etcum
1163 815 1204 885 eo

119 907 157 971 L.
173 905 395 994 Vargunteius
412 919 557 985 senator,
573 905 770 970 constituere
793 926 833 970 ea
848 917 942 969 nocte
957 902 1067 992 paullo
1083 914 1158 992 post
1172 894 1204 983 ²,

121 1035 197 1079 cum
221 1012 350 1076 armatis
374 1010 577 1094 hominibus,
602 1012 699 1077 sicuti
724 1011 899 1078 salutatum
922 1010 1056 1086 introire
1080 1008 1121 1074 ad
1147 1006 1202 1075 Gi·

119 1117 288 1199 neronom,
304 1105 397 1191 aede
413 1119 589 1209 improviso
610 1119 697 1185 domi
713 1141 791 1186 suae
806 1118 1001 1209 imparatum
1021 1115 1205 1210 confoderes

122 1227 243 1293 Curius
267 1226 325 1291 ubi
347 1226 522 1317 intelligit,
546 1243 706 1317 quantum
728 1227 912 1318 periculum
937 1225 1064 1320 consuli
1087 1224 1200 1316 inpen-

120 1335 212 1414 deat,
234 1359 371 1426 propere
385 1359 445 1426 per
461 1335 611 1402 Fulviam
629 1336 780 1401 Ciceroni
796 1335 923 1417 dolum,
939 1335 996 1424 qui
1012 1334 1203 1425 parabatur,

119 1443 280 1508 enunciat
307 1443 356 1508 lta
380 1443 429 1506 illi
452 1448 551 1529 janua
574 1444 759 1535 prohibiti,
782 1459 907 1509 tantum
932 1442 1058 1508 facinus
1083 1442 1203 1507 frustra

121 1567 335 1641 susceperant.
362 1551 489 1617 Interea
506 1552 648 1618 Manlius
673 1553 707 1618 in
725 1544 856 1618 Etruria
871 1551 1000 1642 plebem
1025 1549 1203 1633 solicitare,

120 1673 257 1748 egestate
282 1660 378 1754 simul
406 1685 444 1726 ac
472 1660 581 1725 dolore
605 1662 763 1746 injuriae,
788 1683 947 1731 novarum
975 1680 1085 1725 rerum
1109 1657 1201 1749 cupi-

56 1788 59 1795 ·
118 1764 219 1850 dam,
246 1768 334 1857 quod
370 1767 481 1833 Sullae
515 1769 735 1834 dominatione
772 1764 865 1858 agros
901 1768 1052 1857 bonaque
1091 1765 1203 1832 omnia

120 1875 289 1954 amiserat;
311 1891 497 1967 praeterea,
518 1878 657 1942 latrones
675 1880 835 1965 cujusque
850 1876 995 1965 generis,
1011 1896 1154 1964 quorum·
1167 1873 1203 1938 in

120 2004 157 2047 ea
181 1983 311 2072 regione
334 2006 451 2072 magna
474 1985 569 2074 copia
592 1997 678 2065 erat,
702 1983 876 2049 nonnullos
893 2007 930 2048 ex
948 1981 1091 2048 Sullanis
1116 1982 1203 2048 colo·

119 2090 189 2169 nis,
214 2090 333 2178 quibus
356 2090 468 2157 lubido
490 2105 587 2183 atque
608 2092 739 2158 luxuria
762 2115 800 2158 ex
824 2091 948 2183 magnis
969 2089 1093 2181 rapinis
1117 2088 1201 2155 nibil

118 2195 237 2286 reliqui
261 2195 411 2264 fecerant.

166 2305 283 2370 XXX.
310 2307 358 2372 Ea
382 2329 458 2374 cum
479 2307 630 2375 Ciceroni
654 2306 902 2389 nunciarentur,
927 2304 1095 2396 ancipiti·
1116 2302 1204 2370 malo

121 2427 306 2504 permotus,
331 2416 418 2504 quod
435 2440 539 2505 neque
560 2416 675 2480 urbem
699 2415 739 2479 ab
763 2415 888 2478 insidiis
913 2415 1040 2503 privato
1065 2412 1203 2478 consilio

121 2518 250 2607 longius
267 2524 350 2586 tueri
366 2536 509 2611 poterat,
531 2545 637 2611 neque
660 2521 818 2588 exercitus
841 2521 958 2584 Manlii
974 2534 1131 2611 quantus,
1147 2533 1203 2586 aut

22 2667 26 2673 ·
122 2649 187 2715 quo
213 2629 348 2694 consilio
371 2629 471 2710 foret,
496 2631 573 2695 satis
598 2644 799 2720 compertum
819 2628 975 2711 habebat,
998 2650 1067 2694 rem
1090 2627 1131 2693 ad
1155 2652 1203 2694 sc·
1232 2696 1237 2704 ,

122 2737 234 2801 natum
257 2734 354 2802 refert
369 2739 399 2818 ⁹,
422 2740 488 2822 jam
512 2753 605 2805 antea
621 2739 709 2830 volgi
724 2738 909 2806 rumoribus
925 2738 1122 2830 exagitatam.
1139 2736 1202 2802 lta·

143 2979 154 3014 1
177 2957 272 3030 Idest,
292 2960 387 3037 primo
408 2981 500 3018 mane.
679 2983 708 3022 se
729 2963 831 3036 latam,
850 2977 878 3021 et
899 2964 1002 3040 quovis
1015 2962 1103 3021 modo
1115 2963 1201 3020 Cice·

139 3053 155 3090 2
177 3035 264 3105 Quod
285 3058 320 3093 ex
342 3050 465 3114 utraque
482 3049 566 3116 parte
586 3039 640 3096 im·
679 3062 781 3098 ronem
808 3054 874 3099 ante
901 3041 1015 3098 comitia
1036 3042 1136 3098 statuit
1155 3041 1201 3096 iu·

119 3114 256 3171 minebat.
680 3119 819 3177 terficere.
839 3119 960 3174 Interim
978 3137 1049 3176 vero
1062 3118 1166 3173 Cicero
1184 3138 1202 3174 a

138 3186 212 3244 3In
222 3188 311 3264 hujus
324 3190 639 3266 anni[DCXCI]con-
678 3194 781 3253 Fulvia
808 3195 843 3250 de
869 3194 1069 3270 conjuratione
1097 3193 1202 3250 certior

119 3263 231 3320 sulatus
240 3265 377 3395 petitione
387 3265 510 3323 Catilina
521 3289 581 3324 non
593 3288 639 3326 so·
679 3271 770 3327 sactus
791 3283 862 3337 erat,
883 3283 911 3326 et
929 3270 1106 3327 edocebatur
1127 3290 1201 3345 quo·

115 3339 181 3398 lum
190 3361 239 3395 mu
253 3342 639 3420 taemitsuliragiainurbe,
678 3346 747 3403 tidie
777 3347 848 3422 quid
871 3348 921 3403 uid
948 3348 1092 3423 conjurati
1117 3346 1200 3402 moli·

118 3415 170 3473 sed
189 3416 275 3472 etiam
288 3415 497 3475 Fesulanorum
517 3441 550 3475 ac
567 3421 639 3479 Are·
678 3436 788 3482 rentur.
802 3423 848 3479 Ad
881 3424 1055 3501 ueprimurn
1068 3434 1200 3479 senatum

119 3493 249 3549 tinorum
275 3491 490 3550 multitudinem
516 3497 640 3552 Romam
678 3502 848 3558 convocavit
868 3501 937 3560 XIV
959 3498 1021 3558 Kal.
1043 3499 1115 3557 Nor.
1141 3497 1199 3554 Ne·

121 3569 282 3640 arcessivit,
304 3581 353 3638 ut,
371 3569 394 3625 si
405 3590 451 3626 res
462 3572 638 3648 postularet,
678 3575 1200 3654 minemappellansnomine,obscure

120 3664 173 3721 per
194 3645 252 3702 vim
274 3644 374 3700 consul
387 3659 541 3705 crearetur.
555 3649 638 3705 Cice·
677 3651 792 3709 loeutus
813 3667 855 3710 est
874 3653 910 3709 de
929 3652 1138 3727 conjuratione,
1150 3648 1201 3706 sed

120 3740 165 3790 ro,
178 3723 229 3797 qui
245 3722 275 3777 id
292 3741 352 3777 non
369 3722 531 3797 ignorabat,
548 3724 641 3801 legem
679 3749 695 3784 a
718 3740 777 3786 erte
798 3730 922 3789 innuens
942 3749 971 3785 se
991 3728 1073 3805 loqui
1093 3727 1129 3783 de
1142 3726 1199 3782 Ca-

122 3795 157 3852 de
178 3797 288 3853 arnbitu
301 3797 465 3874 ampliavit,
478 3798 575 3858 decem
589 3823 640 3857 an·
679 3750 767 3861 tilina.
791 3806 914 3862 Senatus
931 3804 1073 3875 decrevit,
1086 3805 1201 3861 comitia

123 3892 229 3928 norum
249 3873 366 3930 exilium
386 3873 522 3952 adjiciens
541 3879 642 3954 poenis
681 3881 718 3936 ad
729 3882 869 3939 creandos
885 3901 976 3940 novos
994 3879 1126 3939 consules
1146 3881 1200 3937 dis-

126 3947 285 4024 Calpurnia
304 3949 367 4027 lege
385 3955 555 4010 constitutis.
570 3955 641 4010 Sen—
681 3958 765 4024 ferri,
778 3972 806 4016 et
825 3966 1000 4020 cfflvmum
1041 3968 1134 4015 ostera
1155 3958 1201 4014 dic

125 4024 161 4083 sit
173 4025 296 4083 Catilina
308 4026 383 4085 hanc
395 4028 487 4107 legem
505 4031 643 4090 adversus
680 4033 794 4110 haberi,
809 4036 915 4112 suque
928 3979 1201 4114 contuideintegre
1257 4062 1259 4066 ’
