2888 4748
249 344 312 410 130
543 341 579 406 C.
605 335 754 406 cntset
779 337 1023 405 stenustlt

243 504 309 563 aa·
327 496 544 561 Romanorum
567 495 699 575 jussus¹
721 490 876 571 habebat,
892 513 932 555 ne
947 512 1022 578 ager
1036 486 1149 575 inultis
1162 487 1313 558 hostibus

241 617 427 675 vastaretur.
447 600 481 666 la
504 616 693 691 postquam,
708 597 925 688 magnitudine
947 596 1099 662 facinoris
1122 597 1314 687 perculsus,

240 692 283 780 ad
297 726 424 802 tempus
439 732 503 773 non
518 709 626 786 venit3
641 721 808 796 metusque
821 703 835 740 ³
847 729 914 770 rem
928 703 1135 795 impediebam
1150 705 1310 770 Bomilcar

234 821 337 888 simul
352 817 490 908 cupidus
506 817 634 904 incepta
652 815 801 905 patrandi
816 828 848 878 et
862 814 975 880 timore
998 813 1078 877 socii
1101 813 1213 878 annus
1224 864 1236 894 ,Α
1247 837 1310 894 ae,

237 929 356 997 omisso
371 939 477 991 vetere
493 923 648 1003 consilio,
663 944 783 988 novum
806 936 970 1011 quaereret
983 916 1014 999 ⁴3
1030 920 1150 984 litteras
1172 920 1215 985 ad
1234 939 1309 986 eum

236 1059 297 1128 per
316 1031 462 1097 homines
478 1028 581 1094 fidelis
596 1029 706 1094 mittit:
722 1030 755 1094 in
772 1030 863 1118 queis
884 1028 1051 1094 mollitiem
1066 1027 1312 1117 socordiamque

231 1142 299 1212 riri
315 1158 485 1214 accusare3
500 1136 611 1201 testari
626 1137 724 1215 Deos,
739 1159 797 1225 per
813 1159 893 1225 quos
908 1136 1089 1220 juravisset3
1104 1158 1250 1215 monere,
1264 1159 1307 1198 ne

233 1249 380 1339 praemio
397 1240 523 1308 Metelli
538 1246 571 1306 in
585 1259 706 1329 pestem
721 1259 915 1307 converteret
930 1247 954 1321 ⁵,-
976 1242 1152 1328 Jugurtboe
1168 1245 1304 1307 exitium

228 1356 360 1422 ‘adessa
376 1367 529 1428 ceterum,
543 1373 603 1412 suc
618 1373 672 1428 ne,
687 1373 729 1412 aa
746 1353 857 1414 virtute
875 1350 1002 1413 Metelli
1014 1353 1148 1435 periret,
1163 1351 1198 1413 id
1212 1350 1306 1413 modo

232 1461 352 1550 agitari
364 1486 372 1521 ε
401 1457 536 1544 proinde
560 1472 721 1543 reputaret
745 1480 817 1520 cum
840 1459 948 1520 auimo
970 1480 1027 1520 suo
1040 1506 1050 1535 ,
1071 1460 1238 1543 proemio,
1258 1482 1302 1520 on

233 1571 412 1651 cruciatum
430 1565 550 1627 mullet.

280 1671 441 1742 LXXIV.
468 1669 531 1735 Sed
554 1692 627 1734 cum
641 1667 703 1733 hae
717 1669 839 1734 litterae
859 1670 1003 1750 adlatae,
1020 1669 1103 1734 forte
1123 1669 1304 1752 Nabdalsa,

232 1783 371 1852 exercito
395 1800 530 1868 corpore
552 1775 673 1855 fessus,
687 1776 722 1840 in
745 1778 828 1842 lecte
850 1776 1041 1867 quiescebat.
1063 1777 1149 1858 Ubi,
1165 1778 1300 1867 cognitis

233 1886 422 1956 Bomilcaris
437 1884 553 1963 verbis,
568 1884 672 1971 primo
688 1884 911 1964 eura‚deinde,
926 1887 974 1950 uti
991 1907 1123 1974 aegrum
1136 1881 1302 1950 animum‘

232 1999 339 2077 celet,
363 2015 493 2059 somnus
516 1990 608 2080 cepit
633 1989 712 2054 Erat
733 1991 762 2054 ei
785 1991 924 2056 Numida
947 1993 1077 2082 quidam
1100 1994 1302 2082 negotiorum

229 2119 361 2174 curator
376 2100 460 2166 fidus
476 2111 700 2188 acceptusque,
716 2112 747 2164 et
762 2101 906 2164 omnium
922 2101 1146 2181 consiliorum,
1161 2101 1223 2165 nisi
1243 2122 1298 2164 no·

229 2210 385 2290 vissumt,
400 2207 567 2298 particeps.
590 2205 655 2291 Qui
677 2219 847 2296 postquam
870 2206 990 2272 adlatas
1013 2208 1134 2273 litteras
1157 2208 1297 2289 audivit,

231 2329 269 2386 er'
293 2315 524 2385 consuetudine
545 2327 632 2377 ratus
648 2336 744 2402 opera
767 2328 822 2378 aut
840 2314 968 2403 ingenio
985 2339 1043 2379 suo
1059 2338 1140 2405 opus
1161 2339 1247 2396 esse,
1262 2315 1297 2378 in

227 2425 471 2496 tabernaculum
487 2421 627 2485 introiit:
643 2420 819 2486 dormiente
832 2421 907 2503 illo,
927 2422 1111 2512 epistolam,
1134 2446 1231 2513 super
1246 2448 1296 2488 ca·

226 2551 287 2628 put
301 2535 336 2598 in
351 2531 484 2623 pulvino
499 2544 616 2594 temere
630 2529 789 2620 positam,
805 2531 902 2595 sumit
917 2554 954 2595 ac
969 2513 1119 2620 perlegit3
1135 2529 1208 2596 dein
1224 2557 1297 2622 pro·

226 2665 315 2733 pere,
324 2640 461 2728 cognitis
476 2636 614 2718 insidiis,
623 2636 663 2701 ad
678 2659 784 2726 regem
799 2639 910 2728 pergit
920 2639 1092 2720 Nabdalsa,
1100 2654 1173 2729 post
1187 2642 1297 2731 paullo

226 2761 439 2837 experrectus,
454 2747 511 2812 ubi
525 2768 630 2836 neque
644 2746 811 2836 epistolam
825 2746 954 2837 reperit,
968 2761 1000 2814 et
1014 2770 1082 2813 rem
1097 2771 1234 2828 emnem,
1247 2750 1296 2814 uti

226 2871 298 2922 acta
314 2871 404 2937 erat,
426 2879 464 2919 ea
485 2854 626 2944 perfugis
642 2851 837 2944 'cognovit3
858 2857 962 2944 primo
984 2856 1122 2923 indicem
1144 2857 1295 2946 persequi

223 2947 379 3041 conatus3
394 2977 564 3054 postquam
579 2963 612 3026 id
627 2962 745 3028 frustra
760 2963 838 3044 fuit,
851 2965 872 3027 J
875 2964 1047 3053 ugurtbam
1060 2963 1209 3054 placandi
1224 2987 1294 3054 gran

224 3073 280 3154 tia,
296 3072 438 3138 accedit:
454 3071 532 3137 dicit
547 3094 628 3161 quae
643 3071 712 3160 ipse
727 3071 902 3160 paravisset
916 3070 1033 3152 faeere,
1046 3069 1182 3161 perfidia
1197 3071 1294 3137 clien-

246 3287 259 3324 r
281 3267 375 3327 Idest:
394 3291 485 3347 prope
501 3268 623 3326 hiberna
634 3270 740 3325 Roma·
779 3268 834 3324 mia
847 3281 1064 3339 consecuturos;
1076 3270 1099 3326 si
1110 3269 1226 3338 Metelli,
1238 3290 1296 3348 pro

223 3347 742 3413 norum,utecsafrumentationeaut
778 3347 906 3422 praemio
937 3347 1080 3403 cruciatus
1102 3360 1130 3403 et
1152 3361 1294 3417 mortem,

223 3422 443 3479 excursionibus
454 3422 629 3498 prohiberet
778 3421 867 3479 veluti
878 3425 1010 3499 perjuros
1027 3435 1056 3479 et
1073 3421 1168 3481 hostes
1187 3423 1224 3478 ab
1243 3444 1292 3480 eo·

243 3517 259 3555 2
281 3500 324 3552 Ex
336 3498 473 3558 mandato
483 3498 651 3573 iugurthae.
777 3499 841 3554 dem
854 3519 882 3556 se
894 3500 1052 3558 habitums.

240 3572 258 3631 3
280 3573 409 3631 Scilicet:
432 3586 524 3629 metus
544 3573 710 3630 Nabdalsae.
794 3576 813 3630 6
834 3577 919 3632 Curis
939 3577 1092 3652 taedioque
1111 3575 1223 3633 sessum.

239 3648 259 3720 4
277 3649 438 3726 Jugurtbae
451 3649 677 3726 conjurationem
688 3649 738 3707 de·
796 3670 812 3727 7
834 3651 891 3722 Qui
911 3673 976 3708 cum
987 3651 1030 3707 'iis
1052 3651 1209 3708 custodiam
1226 3670 1291 3707 cor-

220 3738 337 3802 tegeret.
774 3727 852 3802 poris
872 3727 1052 3795 tradidisset,
1073 3727 1288 3784 circumstantes

238 3798 255 3858 5
275 3801 436 3878 iugurthae
456 3820 516 3858 esse
537 3800 735 3877 pereundum3
774 3802 934 3860 Nabdalsae
954 3799 1189 3869 tabernaculum,
1209 3803 1288 3860 vide-

218 3888 317 3932 ntrum
329 3897 380 3932 sua
399 3876 577 3947 [Nabdalsae
590 3877 696 3935 scilicet
707 3890 735 3934 et
774 3878 1000 3936 runtNumidam
1014 3880 1044 3932 in
1064 3876 1231 3949 redientem,
1242 3881 1286 3935 id-

218 3950 405 4025 Bomilcaris],
415 3973 451 4008 an
460 3953 567 4010 Metelli
578 3955 694 4021 virtute,
704 3952 733 4008 id
772 3977 828 4032 que
839 3969 939 4034 postea
947 3897 1107 4014 Nabdaisae
1117 3955 1287 4013 retulerunt.

215 4045 294 4084 nunc
306 4031 359 4106 egi.
373 4029 403 4087 si
415 4048 477 4100 sua,
492 4050 595 4107 magna
608 4050 637 4088 se
649 4050 733 4108 prae·
