2888 4748
256 284 322 377 176
561 278 598 348 c.
624 278 774 350 carsii
798 272 1043 350 ssunnsrn
1082 310 1085 317 ,

251 455 396 500 seorsum
419 433 680 514 communicatis,
703 447 792 498 ratus
816 457 854 498 ex
875 456 910 498 re
926 430 994 498 fore
1010 433 1108 498 simul
1123 456 1233 500 omnes
1250 450 1336 503 cone·
1375 452 1378 457 ’

250 540 398 621 firmare,
421 563 486 630 qua
507 543 628 623 majore
649 541 756 628 potuit
778 539 974 629 frequentia,
997 541 1081 604 clam
1104 558 1336 630 congregatos,

251 647 421 714 ambitioni
437 670 514 712 suae
529 647 702 712 utilitatem
718 645 881 735 publicam
896 659 1080 736 pretexcns,
1100 669 1155 712 eos
1177 647 1218 712 ad
1240 662 1335 717 arma

251 754 406 822 adversus
431 754 556 819 Sullam
580 752 735 821 sumenda
763 765 823 845 pro
856 753 1002 821 libertate
1032 754 1252 844 recuperanda
1272 757 1336 822 in-

251 859 430 928 flammarit
452 869 471 923 ¹.

302 968 453 1035 Attamen
476 968 594 1058 Lepidi
617 969 714 1036 verba
736 992 854 1060 parum
877 968 1099 1060 profecissent,
1115 970 1264 1034 omnibus
1279 984 1335 1036 're-

253 1076 397 1141 centium
418 1075 567 1141 coedium
590 1078 744 1142 memoria
761 1077 934 1159 extemitis,
959 1077 1022 1142 nisi
1038 1077 1150 1167 paucis
1166 1090 1240 1166 post
1263 1076 1336 1141 die·
1415 1065 1419 1074 ¹

254 1181 317 1247 bus
340 1180 494 1262 dictator,
517 1183 927 1281 cunctisladmirantibus,
959 1207 993 1250 se
1023 1184 1210 1272 magistratu
1242 1183 1337 1259 abdi·¹
1386 1262 1408 1287 χ

254 1303 373 1369 cesset,
388 1289 545 1378 privatam
560 1291 659 1357 vitam
678 1291 840 1370 initurus;
862 1314 927 1379 quo
949 1290 1034 1357 facto
1057 1289 1183 1380 Lepido
1207 1289 1334 1355 aditum
1409 1286 1417 1296 “’

253 1395 383 1486 aperuit
407 1418 445 1460 ea
472 1420 555 1486 qnae
581 1396 786 1464 vehementer
814 1412 966 1487 cuperet,
993 1395 1193 1487 perficiendi.
1227 1397 1279 1460 Et·
1292 1420 1334 1463 eo

252 1506 395 1586 majores
418 1503 542 1568 animos
567 1519 741 1585 sumserat,
765 1505 853 1593 quod
878 1503 918 1569 ad
934 1523 1008 1569 eum
1031 1503 1138 1568 fuerat
1151 1502 1334 1594 perlatum,

255 1609 403 1689 Sullam,
426 1613 521 1694 cujus
543 1608 595 1676 vel
619 1633 735 1675 nomen
759 1612 875 1677 terrori
895 1610 1002 1676 adhuc
1025 1624 1109 1689 erat,
1133 1610 1168 1673 in
1190 1609 1335 1699 praediis

253 1716 327 1799 auis
343 1738 445 1806 prope
470 1716 591 1781 Cumas
614 1732 748 1782 mortem
772 1716 970 1783 occubuisse.
995 1716 1080 1781 Tum
1103 1716 1210 1807 palam
1232 1715 1334 1782 dieta·

253 1823 334 1888 toris
366 1822 465 1890 vitam
499 1823 650 1912 legesque
684 1824 868 1904 criminari,
897 1847 978 1913 quas
1009 1822 1088 1888 dum
1118 1823 1216 1888 ceteri
1245 1821 1334 1888 ferro

251 1952 385 1998 servare
407 1930 622 2020 cogebantur,
652 1931 779 1996 easdem
800 1932 937 2021 ipsemet
966 1929 1150 1998 violaverat
1181 1930 1230 2001 Re
1261 1931 1335 2020 qui·

252 2035 331 2103 dem
358 2061 434 2106 vera
464 2037 674 2118 libidinosus,
704 2062 837 2120 avarus,
867 2037 1008 2104 erudelis
1041 2037 1132 2104 Sulla
1160 2036 1241 2102 fuit:
1271 2062 1335 2103 nec

252 2147 380 2232 juvenis
411 2144 564 2210 libidines
593 2147 787 2230 refraenavit
819 2146 859 2209 ab
896 2140 1033 2232 inopia,
1063 2169 1123 2211 nee
1153 2144 1194 2209 ab
1225 2159 1333 2210 aetate

255 2275 381 2330 senece5
409 2277 515 2316 rerum
545 2252 629 2340 leges
658 2252 865 2316 connubiales
896 2269 929 2316 et
950 2254 1166 2339 sumptuarias
1189 2251 1266 2316 tulit
1287 2255 1333 2317 ci·

250 2358 346 2423 >vitus
358 2409 368 2438 ,
390 2384 464 2424 cnm
487 2362 554 2446 ipse
577 2358 739 2424 amoribus
753 2376 787 2424 et
809 2359 978 2423 adulteriis
1003 2360 1183 2447 indulgeret
1202 2359 1224 2421 ¹.
1249 2359 1335 2442 Ejus

137 2499 141 2504 ·
225 2464 387 2548 'morte,
415 2461 551 2556 ejusque
586 2466 725 2534 militum
760 2489 798 2533 ac
833 2465 1006 2532 satellitum
1039 2465 1244 2556 frequentia,
1274 2465 1335 2554 qui

256 2573 397 2639 Romam
418 2567 657 2656 convenerant,
688 2573 837 2663 exequias
867 2573 991 2641 funeris
1020 2573 1055 2637 in
1077 2596 1191 2665 campo
1213 2572 1335 2640 Martio

192 2767 203 2779 ,
256 2677 470 2764 celebraturi,
492 2707 558 2773 quo
578 2682 666 2749 illius
682 2704 800 2772 eorpus
822 2703 948 2746 summo
968 2695 1159 2747 cunctorum
1183 2679 1335 2747 ordinum

257 2788 367 2856 studio
383 2788 522 2871 illatum,
537 2804 633 2880 atque
647 2811 760 2878 regum
775 2811 863 2854 more
878 2778 1174 2870 combustum'fuit,
1188 2788 1335 2878 ingentes

256 2897 440 2962 animorum
462 2910 569 2962 motus
592 2895 744 2978 excitati,
773 2911 805 2961 et
831 2895 974 2986 partium
997 2896 1149 2983 utrinque
1172 2894 1240 2958 irae
1262 2918 1335 2960 rur-

250 3026 332 3071 ·sum
354 3003 512 3069 incensae.
542 3003 680 3069 Senatus
710 3027 770 3093 pro
793 3004 918 3083 viribus
947 3017 996 3068 est
1024 3002 1183 3082 adnixus,
1210 3016 1248 3068 ut
1262 3002 1335 3068 ,sibi

256 3110 420 3176 Corneliis
434 3110 560 3200 legibus
574 3123 700 3200 partam
713 3109 864 3176 retineret
879 3109 1119 3187 auctoritatem
1137 3109 1280 3199 populus
1295 3125 1337 3178 ut

257 3217 376 3282 amissa
390 3219 548 3307 reciperet
562 3219 642 3301 jura.
661 3217 797 3283 Catulus
810 3216 985 3308 patriciae,
1000 3215 1145 3306 Lepidus
1164 3216 1334 3308 popularis

258 3320 406 3390 factionis
430 3324 595 3415 principes
616 3339 715 3395 erant.
731 3325 792 3391 llle
806 3323 972 3415 praeclara
986 3323 1192 3392 Lutatiorum
1206 3323 1333 3414 proles,

257 3433 305 3496 tir
326 3456 404 3498 sane
428 3433 527 3497 bonus
552 3458 592 3496 ea
615 3448 800 3519 tempestate
824 3449 936 3499 contra
958 3433 1107 3521 pericula
1129 3449 1161 3499 et
1184 3429 1333 3496 ambitio-

256 3564 331 3605 nem
346 3536 359 3574 ³
379 3565 482 3627 aeque
506 3555 554 3604 est
568 3540 717 3624 defensus
732 3540 982 3605 dominationem
997 3542 1113 3606 Sullae
1129 3539 1154 3619 ⁴,
1169 3555 1265 3624 atque
1281 3540 1332 3601 in·

256 3663 308 3714 ter
331 3672 423 3713 arma
444 3647 554 3713 civilia
576 3649 675 3734 aequi
697 3647 835 3734 donique
850 3648 964 3734 famas
985 3651 1115 3736 paritet
1140 3644 1245 3714 Alteri
1260 3644 1332 3736 qui-

280 3846 292 3884 1
314 3829 353 3883 Μ.
382 3829 495 3887 Aemilii
521 3829 627 3907 Lepidi
648 3829 774 3888 consulis
829 3828 951 3906 3Frag,
972 3827 1018 3888 55.

258 3905 351 3962 oratio
372 3918 472 3962 contra
492 3905 779 3986 Sullam,pag.195.=
829 3905 850 3977 4
886 3904 929 3964 ld.
969 3902 1014 3960 56.

277 3979 401 4067 aFrag.
420 3979 468 4042 50.
726 3985 729 3990 “
811 3980 849 4059 ¹5
887 3980 931 4064 Id
968 3977 1014 4063 57.
