2888 4748
260 343 302 404 62
551 340 590 406 c
613 335 764 406 culsrt
789 332 1035 406 sattusrtt

258 517 348 562 mum
361 491 539 573 induami,
552 492 709 572 laborare,
724 493 873 582 vigilam
885 493 1022 581 negotiis
1036 491 1214 557 amicorum
1227 494 1333 561 inlena

259 616 324 682 tut,
337 625 397 667 sna
411 600 588 690 neglegere
601 599 686 664 nibil
699 600 867 689 denegare,
882 599 970 689 quod
983 599 1070 664 douo
1083 599 1219 689 dignum
1231 620 1333 684 ωας

260 710 321 776 sibi
335 731 487 800 mgnum
500 708 683 798 imperium,
689 706 874 788 nucitum,
882 730 1004 773 norum
1015 707 1138 772 bellum
1149 711 1333 800 exoptabat,

260 818 317 883 ubi
332 818 434 883 virtus
448 816 621 881 enitescere
635 829 750 905 posset.
767 814 813 879 At
834 815 952 880 Catoni
974 815 1117 880 studium
1138 816 1330 898 mhstiae,

259 926 403 1005 weris,
419 923 476 990 sed
490 944 637 988 maxume
650 919 828 988 severitatis
843 937 919 987 erat.
935 923 1009 986 Non
1023 922 1145 988 divitiis
1154 947 1235 989 cum
1248 925 1331 990 divi-

259 1049 309 1114 te,
331 1055 435 1122 neque
448 1031 588 1097 factione
602 1053 677 1096 cum
690 1028 844 1106 {actium
864 1028 921 1095 sed
942 1052 1018 1094 cnm
1040 1043 1171 1095 suenus
1191 1032 1310 1098 virtute
1319 1056 1338 1111 ,·

259 1163 334 1207 cum
349 1140 492 1206 modesto
506 1137 648 1229 pudore,
670 1160 745 1202 cum
766 1136 936 1202 innocente
957 1137 1148 1203 abstinentia
1170 1139 1309 1211 calebat
1320 1166 1339 1216 ;‘

258 1273 344 1329 csse,
360 1271 457 1338 quam
471 1245 593 1327 videri,
615 1246 721 1310 boum
742 1244 898 1322 malebat3
913 1244 958 1310 ita
978 1269 1045 1335 quo
1066 1246 1175 1311 minua
1196 1247 1330 1335 gloriam

259 1357 404 1447 petebat,
415 1379 456 1441 ¹eo
470 1355 572 1443 magis
586 1353 679 1418 illum
695 1352 936 1441 adsequebatur.

305 1463 429 1529 LVIII.
454 1463 641 1550 Postquam,
656 1474 693 1525 ut
707 1460 784 1539 dixi,
799 1474 928 1524 senatus
943 1459 978 1523 in
995 1461 1128 1526 Catonis
1143 1462 1332 1528 seutentiam

260 1571 424 1651 discessit,
439 1569 553 1634 consul
567 1582 736 1657 optumum
750 1566 838 1631 factu
852 1582 961 1647 ratus,
975 1582 1120 1648 noctem,
1136 1591 1219 1658 quac
1233 1571 1332 1635 iusta.
1378 1598 1383 1605 ι

259 1679 331 1757 bat,
347 1692 552 1765 antecapere,
571 1698 612 1738 ne
627 1673 706 1762 quid
720 1697 758 1738 eo
774 1674 877 1764 spatio
893 1689 1087 1757 novaretur,
1102 1676 1288 1744 triumviros
1304 1685 1339 1760 ¹,²

260 1808 342 1874 quae
357 1783 398 1848 ad
413 1783 609 1872 supplicium
623 1781 824 1871 postulabat,
839 1803 952 1871 parare
967 1782 1078 1866 jubet:
1094 1781 1183 1872 ipse,
1196 1783 1331 1874 disposi-

259 1893 300 1955 tis
314 1891 491 1980 praesidiis,
500 1889 675 1954 Lentulum
689 1889 723 1952 in
739 1911 899 1958 carcerem
913 1887 1053 1954 deducit:
1068 1889 1154 1955 idem
1167 1889 1206 1958 fit
1218 1893 1332 1958 ceteris

259 2021 317 2088 per
331 2013 499 2087 praetores.
516 1997 575 2062 Est
589 1997 679 2061 locus
694 1998 728 2059 in
744 2019 889 2078 carcere,
911 1996 999 2086 quod
1014 1998 1201 2064 Tullianum
1223 1999 1332 2089 adpel-

259 2105 393 2193 laturf,
414 2104 471 2169 ubi
491 2104 673 2194 paullulum
695 2104 873 2169 escenderis
895 2103 936 2169 ad
957 2104 1100 2187 laevam,
1121 2105 1249 2173 circiter
1269 2131 1330 2173 ιιι.
1411 2116 1415 2121 ’

259 2210 355 2302 pedes
371 2211 460 2275 humi
475 2211 652 2300 depressus.
670 2211 755 2273 Eum
776 2211 927 2275 muniunt
948 2211 1092 2302 undique
1113 2213 1270 2302 parietes,
1283 2229 1330 2278 at·

259 2343 322 2408 quc
337 2318 469 2408 insuper
484 2340 607 2382 camera
621 2317 756 2407 lapideis
777 2318 953 2383 fornicibus
967 2320 1091 2384 vincta:
1107 2319 1163 2383 sed
1184 2318 1331 2401 incultu,

258 2426 409 2506 tenebris,
423 2424 532 2504 odore,
547 2424 638 2489 foeda
654 2439 748 2514 atquc
763 2425 914 2490 terribilis
930 2429 1000 2510 ejus
1015 2425 1112 2491 facies
1126 2441 1182 2492 est
1199 2426 1238 2490 In
1254 2449 1330 2491 cum

260 2533 368 2598 locum
383 2547 556 2622 postquam-
567 2532 723 2597 demissus
738 2547 786 2596 est
802 2533 977 2614 Lentulus,
999 2533 1142 2606 vindices
1156 2554 1265 2599 rerum
1279 2557 1329 2598 ca·

261 2639 420 2729 pitulium,
435 2639 553 2728 quibus
568 2655 774 2729 praeceptum
789 2655 867 2722 erat,
882 2641 997 2728 laqueo
1011 2641 1120 2730 gulam
1133 2641 1264 2732 fregere.
1280 2643 1330 2706 Ita

261 2745 316 2809 ille
331 2745 503 2835 patricius,
518 2770 555 2811 ex
569 2747 755 2810 clarissuma
770 2762 863 2836 gente
880 2747 1122 2830 Corneliorum,
1145 2747 1331 2839 quiconsu-

260 2853 328 2918 lare
349 2853 519 2943 imperium
534 2853 654 2918 Romae
670 2853 838 2936 habuerat,
857 2855 989 2946 dignum
1011 2857 1153 2923 moribus
1173 2856 1330 2943 factisque

262 2961 330 3028 tuis
350 2960 470 3026 exitum
490 2960 574 3028 vitae
597 2961 725 3027 invenit.
747 2965 798 3028 Dc
822 2964 991 3054 Cethego,
1006 2964 1159 3044 Statilio,
1172 2962 1331 3041 Gabinio,

265 3067 441 3159 Goepario,
456 3068 567 3134 eodem
582 3069 676 3134 modu
692 3071 889 3161 supplicium
904 3086 1044 3138 sumtum
1058 3085 1106 3136 est
1117 3065 1141 3133 ³.

288 3317 298 3352 t
321 3295 481 3373 capitales,
501 3294 608 3375 quibus
618 3296 740 3354 carceris
751 3309 779 3355 et
817 3297 854 3354 ad
863 3299 993 3368 laevam,
1012 3317 1156 3356 cameram
1166 3297 1204 3353 ab
1215 3310 1336 3356 auctore

184 3417 190 3428 .
266 3392 321 3450 sup
342 3369 400 3429 licii
411 3392 480 3431 eura
492 3386 560 3430 erat.
816 3375 1245 3451 nostrodescriptaminveuies.
1334 3423 1337 3436 ,

286 3464 302 3506 a
322 3391 377 3504 llic
396 3467 502 3516 carcer,
523 3448 559 3504 ab
578 3447 658 3505 Auru
670 3447 777 3506 Marcio
834 3447 852 3506 3
873 3449 1202 3527 Hisperfeetis,rediens
1221 3448 1332 3518 consul,

265 3535 414 3583 extructus
424 3523 459 3579 ad
469 3523 593 3600 capitolii
605 3525 715 3581 radices
729 3525 779 3580 ad·
818 3546 883 3583 cum
900 3528 930 3582 iu
945 3526 1007 3582 loro
1018 3524 1174 3582 nonnullos
1185 3545 1220 3581 ex
1231 3527 1331 3598 conju·
1383 3556 1385 3560 ·

265 3612 365 3659 verutis
385 3599 489 3668 iorum,
509 3599 661 3676 ampliatus
682 3601 735 3657 suit
762 3623 779 3658 a
816 3604 886 3679 ratis
896 3603 1088 3679 perspiceret,
1107 3615 1220 3659 noctem
1232 3599 1336 3656 soliciti

159 3742 167 3763 ι
266 3676 353 3734 'Pullo
365 3675 478 3745 ostilio,
495 3689 523 3732 et
534 3674 571 3732 ab
583 3695 616 3733 eo
629 3675 779 3733 Tullianus
817 3691 1018 3756 expectantes,
1037 3678 1098 3755 spei
1115 3677 1194 3754 pleni
1205 3675 1333 3753 captivos

267 3764 307 3808 ost
320 3765 510 3828 nuncupatus.
524 3752 680 3828 Quumque
696 3751 778 3809 deiu—
817 3773 875 3810 sesc
896 3754 1017 3811 liberare
1034 3770 1137 3830 posse,
1158 3753 1252 3809 adeos
1264 3772 1333 3808 con·

267 3829 302 3884 dc
314 3828 342 3883 in
352 3848 385 3884 co
395 3828 526 3885 detentus
535 3828 716 3886 fueritDivus
725 3831 777 3885 Pc-
815 3850 926 3901 versus,
936 3851 1007 3888 voce
1019 3829 1135 3886 sublimi
1147 3855 1153 3886 :
1169 3832 1317 3889 Vixerunt
1323 3867 1333 3893 ‚

267 3915 338 3970 turs,
350 3921 504 3962 conversus
524 3904 614 3960 estin
634 3903 780 3961 ecclesiam
818 3906 914 3982 iuquit
932 3931 939 3962 =
960 3926 995 3962 eo
1011 3905 1087 3961 cuim
1105 3905 1244 3981 loquendi
1255 3923 1334 3960 mora

268 3979 322 4034 sub
334 3977 416 4036 titulo
424 3981 494 4034 Divi
504 3981 587 4035 Petri
599 3984 629 4036 iu
640 3999 779 4037 earcere:
818 3982 974 4040 utebantur
1003 3981 1125 4036 uinimis
1132 3982 1257 4039 invisum
1269 3998 1334 4041 coe.-

268 4065 354 4129 utque
369 4074 448 4113 nuuc
464 4055 589 4127 etiamsi
601 4054 780 4116 descenderis
819 4057 862 4115 dis
872 4001 1048 4116 vocabulum
1059 4057 1213 4118 evitabant.
1296 4094 1298 4099 ·
