2888 4748
240 336 284 421 9⁶
528 328 566 401 e.
590 322 738 390 en1s1>1
764 320 1006 389 stennone

232 481 304 543 rori
326 503 402 544 csse.
428 477 493 541 Sed
514 498 708 562 quamquam
730 471 913 536 haec'talia
934 487 1029 534 sunt:
1051 486 1158 536 tamen
1182 474 1306 541 ohsiam

240 589 287 650 ire
301 587 457 670 factionis
471 584 632 670 potentiae
648 582 773 644 animus
788 578 912 665 subigit.
932 583 1023 642 Certe
1040 602 1095 665 ego
1111 579 1307 663 libertatern,
1405 652 1409 659 ,

240 717 323 779 quac
347 692 426 755 mihi
448 717 468 753 a
489 704 621 776 parente
641 710 710 751 meo
726 685 845 750 tradita
867 700 935 764 est,
958 688 1128 771 experior:
1150 694 1256 752 rerum
1271 690 1308 754 id

231 801 390 884 frustra,
420 823 463 862 an
488 796 526 861 ob
549 819 616 860 rem
628 795 756 880 faciam
768 843 779 874 ‚
808 796 842 857 in
867 808 968 858 restra
991 817 1088 856 manu
1112 796 1208 859 situm
1230 813 1307 878 cst,

243 909 391 988 Quirites.
1313 894 1317 902 ¹

291 1011 458 1078 XXXIV.
482 1017 591 1099 Neque
620 1037 677 1099 ego
709 1035 758 1076 vos
791 1011 918 1090 hortor,·
948 1010 1033 1097 quod
1055 1034 1148 1096 saepe
1172 1015 1307 1095 majores

241 1123 337 1186 uestri
357 1121 469 1203 secere
482 1170 491 1198 ,
515 1123 563 1183 uti
593 1136 705 1183 contra
735 1121 871 1203 injurios
894 1120 1011 1181 armati
1033 1121 1122 1183 catis.
1146 1119 1236 1183 Nihil
1258 1121 1310 1196 oi,

241 1226 329 1293 nihil
351 1229 524 1290 secessione
549 1251 626 1313 opus
649 1242 720 1289 est:
743 1249 868 1290 necesse
893 1241 960 1302 est,
974 1241 1096 1289 suomet
1114 1227 1178 1311 ipsi
1199 1238 1309 1290 'more

240 1335 434 1421 praecipites
457 1349 540 1398 eant.
568 1336 676 1397 Occiso
705 1332 769 1395 Tib.
797 1331 957 1411 Graccho,
985 1356 1078 1418 quem
1102 1355 1233 1418 regnum
1253 1357 1311 1418 pa.-

243 1466 316 1505 rare
340 1440 491 1526 aiebant,
513 1443 547 1504 in
560 1439 689 1526 plebem
704 1443 879 1502 Romanam
902 1441 1102 1525 quaestiones
1122 1463 1231 1524 grates
1254 1440 1311 1503 hn-

244 1548 329 1612 bitae
360 1563 442 1610 sunt.
468 1551 543 1610 Post
570 1552 603 1609 C.
631 1546 766 1609 Gracchi
789 1562 820 1609 et
845 1547 889 1609 M.
914 1545 1020 1608 Fulvii
1043 1545 1196 1627 caedem,
1217 1549 1312 1611 uestri

185 1700 187 1704 .
243 1657 320 1719 item
343 1655 473 1718 ordinis‘
486 1654 580 1716 multi
602 1653 750 1716 mortales
764 1655 800 1715 in
816 1677 941 1717 carcerc
957 1655 1064 1717 necati
1081 1669 1175 1717 sunt:
1198 1657 1314 1727 utrius-

244 1786 307 1848 que
331 1761 433 1824 eladis
457 1786 520 1824 non
544 1761 622 1840 lex,
646 1785 751 1824 rerum
775 1760 874 1823 libido
898 1784 1006 1824 eorum
1020 1760 1125 1844 finem
1137 1762 1232 1845 fecit.
1249 1762 1316 1853 §ed

243 1893 322 1933 sane
336 1869 444 1952 suerit
466 1870 555 1954 regni
576 1871 702 1954 paratio
725 1872 757 1945 ⁸,
778 1866 868 1952 plebi
881 1893 940 1930 sua
956 1869 1130 1932 restituere.
1153 1868 1315 1954 Quidquid

247 1979 315 2040 sine
345 1976 498 2061 sanguine
531 1977 645 2039 cisium
677 1975 790 2038 ulcisci
821 1977 994 2060 nequitur,
1011 1977 1085 2058 jure
1106 1976 1235 2059 factum
1264 1976 1316 2039 sit.

248 2083 474 2168 Superioribus
498 2085 592 2151 annis
608 2085 700 2146 taciti
715 2081 969 2167 indignabamini
983 2082 1143 2144 aerarium
1157 2083 1317 2169 expilari:

246 2214 335 2275 reges
359 2205 391 2252 et
412 2189 546 2275 populos
571 2188 686 2252 liberos
707 2191 820 2273 paucis
835 2188 995 2251 nobilibus
1011 2190 1145 2275 vectigal
1158 2189 1298 2275 pendere
1309 2217 1332 2267 3¹.

245 2321 345 2385 penes
369 2294 496 2359 eosdem
512 2310 544 2358 ct
558 2319 712 2358 summam
724 2295 874 2380 gloriam,
895 2311 927 2358 et
946 2319 1117 2359 maxumas
1131 2296 1257 2359 divitias
1272 2319 1320 2359 es·

251 2428 307 2467 se:
331 2419 437 2467 tamen
460 2402 539 2465 haec
562 2402 644 2466 talia
656 2403 813 2486 facinora
836 2403 965 2488 impune
989 2404 1184 2487 suscepisse,
1203 2426 1319 2487 parum

251 2509 418 2575 habuere:
449 2511 557 2596 itaque
586 2525 744 2597 postremo
769 2510 872 2594 leges,
895 2512 1044 2593 majestas
1067 2525 1189 2589 restra,
1215 2509 1322 2572 divina

251 2635 284 2681 et
309 2619 450 2680 humana
474 2619 581 2680 omnia
604 2615 744 2679 hostibus
769 2616 888 2679 tradita
910 2632 992 2680 sunt.
1023 2621 1135 2702 Neque
1164 2640 1237 2696 eos,
1266 2617 1323 2702 qui
1419 2612 1434 2619 “

186 2765 188 2768 <
252 2749 292 2787 ea
305 2725 438 2807 secere,
457 2723 557 2808 pudet
577 2739 634 2788 aut
655 2725 796 2809 poenitet
810 2751 818 2787 :
832 2722 889 2788 sed
912 2724 1064 2788 incedunt
1076 2749 1136 2810 per
1151 2748 1207 2788 ora
1222 2738 1323 2787 vestra

255 2830 436 2914 magnifici:
459 2832 636 2894 sacerdotia
666 2846 698 2893 et
729 2832 935 2910 consumtus,
956 2856 1031 2918 pars
1055 2831 1229 2915 triumphos
1250 2852 1324 2892 suos

257 2951 470 3000 ostentantes:
491 2938 623 3020 perinde
648 2941 741 3022 quasi
760 2964 799 3002 ea
814 2938 945 3016 honori,
969 2964 1032 3003 non
1053 2936 1192 3024 praedae
1216 2928 1246 3014 ³,
1269 2935 1325 2998 ha·

259 3043 364 3107 beant.
392 3045 484 3106 Serri
515 3069 587 3107 oere
610 3047 719 3130 parati
743 3047 861 3129 injusta
886 3047 1018 3131 imperia
1040 3044 1238 3109 dominorum
1261 3067 1327 3112 uon
1387 3094 1390 3099 .

104 3153 111 3170 '
206 3180 212 3198 ⁶
254 3152 450 3235 perferunt:
473 3176 537 3231 eos,
561 3154 714 3232 Quirites,
737 3154 869 3239 imperio
892 3154 962 3216 nati
972 3200 983 3232 ,
1005 3173 1108 3236 aequo
1131 3152 1239 3214 anima
1262 3173 1326 3233 ser·

284 3407 294 3442 ι
316 3386 540 3455 Quaestionibus
551 3390 696 3447 irretiendi
710 3403 775 3448 sunt
814 3392 894 3466 quit,
912 3393 1009 3466 plebis
1022 3393 1097 3466 jura
1114 3390 1275 3465 defendere
1286 3401 1330 3446 est

261 3461 374 3519 nobiles
394 3464 535 3532 eomodo,
554 3487 613 3541 quo
635 3467 675 3523 illi
693 3480 776 3522 antea
814 3488 936 3541 regnum
948 3471 1114 3543 offectmm
1135 3469 1208 3522 bene
1229 3487 1261 3527 se
1282 3485 1332 3524 res

259 3538 374 3613 plebem
394 3541 581 3614 exagitarunt.
815 3544 915 3609 habet,
925 3549 1058 3619 quamvis
1067 3543 1155 3598 iidem
1166 3543 1212 3597 illi
1222 3546 1333 3597 rectius

269 3631 295 3672 ,2
307 3614 775 3693 OpponiMemmiopoteratGrae·
814 3623 913 3693 capite
931 3638 1049 3693 poenas
1068 3619 1106 3674 de
1129 3617 1334 3679 Gracchorum

263 3688 331 3744 ehos
339 3693 402 3764 jure
412 3692 687 3749 occisosfuissemam
694 3692 777 3749 multi
815 3705 844 3749 et
856 3695 956 3750 Fulvii
975 3697 1087 3770 injusta
1102 3693 1195 3750 coede
1213 3693 1331 3750 solvere

262 3764 301 3818 ita
322 3765 528 3824 existimabant.
548 3769 650 3843 Itaque
669 3767 778 3842 aliquid
815 3770 965 3825 deberent.

205 3901 209 3907 ⁴
265 3840 413 3909 coneedit,
433 3856 466 3899 ut
486 3844 579 3898 ironia
597 3843 778 3900 acerbissima
834 3844 851 3900 ὅ
873 3845 993 3902 Perinde
1014 3845 1097 3921 quasi
1113 3867 1145 3902 ea
1164 3842 1333 3902 habeantin

265 3913 442 3999 nobilitatem
448 3933 567 3994 pungat,
579 3932 606 3975 et
614 3918 708 3994 plebis
719 3931 777 3976 stu·
814 3920 956 3977 honorem
966 3921 1042 3990 data,
1054 3942 1088 3980 ac
1104 3942 1163 3983 non
1176 3921 1274 4000 potius
1285 3939 1334 3979 re-

264 3987 311 4044 dsa
331 3990 384 4047 sibi
404 3994 541 4053 conciliet.
564 3999 597 4054 Si
616 3999 693 4052 enim
704 4036 714 4062 ‚
733 3996 778 4052 in·
814 3997 940 4074 puenint.
