2888 4748
250 339 313 416 rdss
544 333 579 397 C.
606 330 755 397 CRISPI
782 330 1024 397 SALLUSTII

289 485 397 550 XCII.
417 482 481 547 Sed
497 482 621 562 consul,
638 481 768 571 expletis
788 481 967 569 legionibus
989 479 1241 570 cohortibusque
1257 507 1324 550 aue

243 593 388 671 xiliariis,
404 591 437 654 in
454 612 566 678 agrum
580 588 717 653 fertilem
739 602 770 652 et
785 588 903 677 praeda
920 602 1071 652 onustum
1083 588 1307 677 proficiscitur.

245 701 362 765 Omnia
378 698 423 762 ibi
439 712 532 786 capta
553 696 708 784 militibus
730 694 845 759 donat:
868 695 941 758 dein
967 695 1095 760 castella
1119 711 1150 762 et
1173 698 1310 787 oppida,

244 823 357 872 natura
381 821 412 870 et
432 805 509 870 viris
533 825 647 892 parum
670 803 810 882 munita,
835 801 1018 890 adgreditur
1029 809 1039 865 :¹
1053 803 1174 891 proelia
1188 805 1310 884 multa,

243 930 384 981 ceterum
408 913 470 974 alia
491 910 574 975 levia
601 909 671 973 aliis
695 909 774 973 locis
801 907 913 973 facere.
937 909 1069 973 Interim
1093 911 1169 976 novi
1192 912 1310 977 milites

243 1023 312 1089 sine
327 1034 413 1084 motu
429 1040 555 1107 pugnae
571 1015 697 1080 adesse:
713 1015 820 1081 videre
841 1015 991 1104 fugientis
1015 1016 1088 1106 capi
1107 1031 1162 1100 aut
1184 1018 1305 1083 occidi:

243 1128 462 1192 fortissumum
486 1146 644 1212 quemque
666 1122 888 1186 tutissimum:
912 1122 1010 1187 armis
1030 1122 1227 1204 libertatem,
1252 1150 1307 1215 pa-

241 1236 336 1299 triam
355 1246 565 1322 parentesque
590 1245 621 1294 et
643 1229 705 1293 alia
727 1229 833 1294 omnia
855 1230 936 1318 tegi:
957 1229 1091 1318 gloriam
1112 1246 1207 1320 atque
1228 1231 1305 1297 divi-

243 1343 304 1407 tias
324 1339 443 1429 quaeri.
470 1338 524 1402 Sic
545 1336 634 1402 brevi
656 1336 758 1425 spatio
780 1335 855 1402 novi
884 1350 1067 1424 veteresque
1091 1338 1256 1418 coaluere,
1276 1353 1306 1402 et

241 1449 343 1515 virtus
368 1445 510 1510 omnium
532 1444 673 1532 aequalis
695 1442 788 1524 faeta.
814 1441 859 1508 At
880 1466 968 1530 reges
990 1450 999 1474 ¹
1023 1443 1080 1507 ubi
1104 1444 1143 1509 de
1167 1445 1305 1512 adventu

241 1554 339 1620 Marii
355 1565 582 1641 cognoverunt,
597 1550 714 1616 diversi
729 1550 762 1613 in
778 1549 865 1614 locos
881 1548 1021 1614 difficilis
1038 1551 1163 1615 abeunt.
1181 1551 1229 1617 Ita
1245 1555 1266 1617 J
1269 1578 1304 1616 u-

241 1659 375 1750 gurthae
390 1660 568 1748 placuerat,
593 1657 731 1745 speranti
746 1677 819 1718 mox
838 1655 956 1720 effusos
976 1656 1076 1721 hostis
1100 1657 1208 1723 invadi
1232 1683 1305 1747 pos·

241 1782 295 1844 se;
311 1768 487 1846 Romanos,
511 1763 604 1828 sicuti
628 1761 814 1852 plerosque,
834 1777 954 1828 remoto
974 1777 1060 1828 metu
1080 1764 1183 1830 laxius
1207 1764 1303 1831 licen·

241 1865 370 1961 tiusque
385 1873 518 1937 futuros.

287 1981 414 2047 XCIII.
432 1978 580 2044 Metellus
596 1978 715 2043 interea
735 1979 869 2042 Romam
889 1977 1067 2068 profectus,
1088 1994 1198 2045 contra
1214 2004 1303 2070 spem

241 2094 331 2156 suam
346 2087 537 2153 laetissumis
554 2086 667 2150 animis
683 2086 856 2175 excipitur:
872 2087 958 2174 plebi
973 2087 1197 2177 patribusque,
1217 2105 1302 2180 post*

240 2221 337 2289 quam
353 2194 473 2262 invidia
489 2194 664 2258 decesserat
678 2211 704 2273 ¹,
726 2197 814 2276 juxta
836 2217 928 2258 carus
943 2201 963 2258 ⁸.
990 2194 1053 2259 Sed
1076 2197 1197 2261 Marius
1221 2199 1301 2287 iupi·

239 2329 294 2394 gre
309 2303 547 2394 prudenterque
569 2323 701 2367 suorum
721 2314 753 2366 et
767 2298 907 2366 hostiurn
922 2325 973 2366 res
987 2303 1106 2391 pariter
1121 2304 1300 2369 adtendere:

238 2433 430 2500 cognoscere
452 2409 530 2498 quid
551 2388 626 2474 ho'ni
647 2407 807 2497 utrisque,
823 2423 878 2473 aut
894 2424 1004 2475 contra
1019 2425 1117 2476 esset:
1139 2412 1301 2501 explorare

236 2519 351 2583 itinera
375 2541 506 2607 regum3
522 2516 655 2580 consilia
669 2530 700 2580 et
715 2516 848 2581 insidias
872 2541 982 2583 eorum
1004 2519 1203 2586 antevenire:
1220 2518 1301 2583 nihil

235 2625 323 2714 apud
338 2649 372 2691 se
387 2626 576 2705 remissum,
599 2647 703 2715 neque
727 2625 813 2716 apud
828 2625 899 2691 illos
916 2640 1021 2691 tutum
1040 2627 1115 2718 pati.
1141 2628 1253 2716 ltaque
1269 2641 1300 2691 et

237 2734 402 2812 Gaetulos,
419 2748 450 2798 et
465 2733 674 2822 Iugurtham,
690 2758 727 2799 ex
743 2735 837 2800 sociis
854 2735 969 2800 nostris
986 2734 1145 2826 ⁴praedas
1161 2735 1298 2824 agentis,

235 2863 330 2928 saepe
347 2840 515 2929 adgressus
531 2842 644 2908 itinere
659 2840 799 2920 fuderat,
820 2841 990 2929 ipsumque
1005 2865 1111 2930 regem
1126 2842 1211 2908 haud
1226 2865 1298 2932 pro-

235 2946 290 3013 cul
306 2949 344 3010 ab
361 2944 480 3038 oppidu
493 2949 581 3012 Cirta
597 2947 692 3010 armis
708 2962 837 3011 exuerat
844 2954 862 3010 ⁵.
872 2948 963 3031 Quae
977 2963 1145 3037 postquam
1160 2948 1296 3036 gloriosa

234 3055 344 3134 modo,
365 3077 469 3142 neque
490 3055 565 3118 belli
584 3054 755 3143 patrandi⁶
777 3055 939 3143 cognovit,
960 3056 1070 3120 statuit
1089 3055 1195 3135 urbis,
1215 3080 1297 3144 quae

228 3162 311 3246 ¹uiris
335 3176 390 3225 aut
412 3162 483 3234 loco
507 3184 566 3250 pro
588 3161 733 3226 hostibus
758 3176 789 3225 et
810 3161 981 3227 advorsum
1001 3184 1034 3225 se
1054 3162 1295 3252 obportunissu-

232 3291 302 3331 mae
319 3283 425 3348 erant,
441 3269 581 3357 singulas
599 3270 847 3336 circumvenire:
864 3270 908 3333 ita
924 3269 1119 3358 Jugunham
1136 3286 1190 3336 aut
1204 3294 1293 3360 prae-

136 3408 142 3418 e
233 3376 321 3440 sidiis
338 3376 494 3441 nudatum
509 3376 568 3457 iri,
583 3377 610 3440 si
626 3401 662 3441 ea
684 3392 862 3466 pateretur,
883 3392 938 3442 aut
953 3378 1075 3468 proelio
1092 3394 1291 3444 certaturum.

253 3598 263 3632 r
288 3573 418 3631 Bocchus
437 3585 465 3630 et
483 3572 635 3648 Iugurtha.
801 3575 820 3646 4
839 3577 882 3633 Ex
894 3577 1015 3634 urbibus
1026 3589 1055 3633 et
1066 3598 1101 3633 ex
1113 3576 1188 3651 egris
1202 3593 1296 3650 popu-

249 3672 267 3708 τι
288 3652 362 3720 Quia
383 3648 519 3725 spoliatus
539 3650 667 3726 imperio.
782 3651 876 3706 lorum
886 3653 1046 3723 Numidiae,
1058 3653 1110 3728 qui
1121 3671 1150 3708 se
1159 3650 1295 3705 Romanis

249 3728 267 3784 3
289 3723 743 3803 Solebautimperatoribusplebs
783 3727 957 3787 dediderant.

130 3856 143 3882 ο
229 3817 382 3881 patresque
402 3801 516 3858 obviam
528 3803 586 3869 ire,
610 3823 643 3857 ac
663 3804 742 3860 laeti·
800 3803 817 3860 5
838 3805 976 3862 Ellccerat
995 3815 1027 3860 ut
1037 3802 1198 3878 Jugurtha,
1219 3801 1296 3877 abje-

230 3883 298 3935 tiam
310 3879 364 3934 hoc
383 3876 468 3933 modo
489 3876 593 3934 testari.
614 3879 744 3936 Metellus
783 3881 835 3937 ctis
855 3883 961 3951 armis,
981 3880 1098 3954 lugeret.
1213 3932 1214 3935 ,

229 3957 295 4013 dein
316 3955 465 4031 agnomine
494 3955 672 4017 Numidicus
702 3968 744 4015 est
802 3959 823 4029 6,
840 3958 941 4032 Neque
960 3956 998 4013 sd
1017 3955 1177 4014 finiendum
1187 3953 1297 4015 bellurn

232 4033 399 4111 appellatus.
782 4045 919 4109 spectare.
