2888 4748
411 327 600 398 saecun
624 275 963 394 succurrimus
1158 322 1220 385 113

143 479 280 564 incerti,
296 502 370 548 cum
385 496 498 547 natura
514 479 599 560 loci,
616 493 685 544 tum
701 476 774 541 dolo
796 474 858 565 ipsi
878 488 972 562 atque
997 472 1087 562 signa
1106 470 1222 535 milita-

146 592 208 671 ria,
224 581 501 671 obscurati)dein,
512 586 602 652 brevi
619 585 754 675 cognitis
770 579 1091 672 insidiis,paullisper
1108 599 1221 668 agmen

145 696 319 765 constituit
338 696 388 760 Ibi
405 693 596 760 conmutatis
614 690 778 757 ordinibus
793 700 819 770 ¹,
835 688 867 752 in
884 687 992 752 dextro
1008 686 1118 766 latere,
1134 682 1221 773 quod

115 841 117 845 ν
143 825 338 896 proxumum
362 801 470 867 hostes
496 814 583 881 erat,
598 799 778 891 triplicibus
796 794 946 862 subsidiis
961 798 971 821 ⁸
988 793 1086 857 aciem
1103 792 1220 856 instru-

142 909 209 977 xit:
226 911 310 976 inter
325 909 508 998 manipulos
523 902 699 972 funditores
716 920 747 970 et
763 903 940 994 sagittarios
956 900 1113 991 dispertit:
1131 899 1219 988 equi,-

129 1031 248 1101 tatum
264 1038 391 1082 omnem
407 1015 441 1078 in
457 1015 609 1080 cornibus
623 1015 708 1080 locat
726 1041 732 1076 :
755 1037 791 1086 ae
811 1033 913 1100 pauca
929 1032 987 1099 pro
1004 1023 1145 1097 tempore
1160 1007 1218 1070 mu

143 1122 217 1190 lites
248 1123 458 1201 cohortatus,
489 1122 590 1186 aciem
606 1120 633 1201 ³,
664 1120 758 1186 sicuti
788 1120 1004 1195 instruxerat,
1028 1113 1216 1181 transvorsis

144 1229 318 1321 principiis
332 1221 344 1262 ⁴
358 1229 393 1293 in
408 1228 542 1318 planum
557 1226 693 1292 deducit

192 1336 281 1403 LIV.
308 1335 371 1400 Sed
401 1335 457 1401 ubi
489 1334 644 1399 Numidas
676 1332 827 1424 quietos,
851 1355 955 1420 neque
984 1330 1064 1395 colle
1088 1327 1216 1418 degredi

143 1441 387 1522 animadvertit,
409 1442 529 1510 veritus
554 1466 592 1506 ex
615 1441 691 1505 anni
712 1448 852 1531 tempore
869 1454 900 1504 et
915 1438 1025 1527 inopia
1041 1459 1159 1525 aquae,
1174 1457 1215 1499 ne

141 1549 200 1615 siti
216 1547 425 1624 conficeretur
440 1549 614 1627 exercitus,
639 1545 798 1612 Rutilium
812 1546 952 1635 legatum
968 1567 1042 1609 cum
1062 1540 1215 1631 expeditis

139 1657 330 1722 cohortibus
346 1670 377 1721 et
390 1670 481 1745 parte
497 1656 642 1745 equitum
657 1654 821 1745 praemisit
837 1653 877 1716 ad
892 1652 1027 1732 flumen,
1043 1651 1091 1716 nti
1106 1651 1214 1715 locum

141 1762 255 1828 castris
279 1777 352 1827 ante
376 1777 526 1852 caperet,
550 1762 743 1825 existumans
772 1759 879 1824 hostes
903 1758 1013 1822 crebro
1037 1759 1158 1846 impetu
1182 1769 1213 1822 et

144 1869 335 1936 transvorsis
351 1869 482 1959 proeliis
498 1868 558 1931 iter
574 1889 668 1932 suum
688 1880 919 1944 remoraturos,
939 1879 970 1928 et
992 1865 1142 1953 quoniam
1165 1887 1213 1928 ar·

142 1975 205 2039 mis
229 1973 428 2053 diffiderent,
458 1973 679 2038 lassitudinem
702 1988 734 2038 et
757 1974 843 2038 sitim
866 1971 1004 2036 militum
1027 1969 1215 2036 tentaturos}

144 2080 271 2145 Deinde
295 2080 364 2169 ipse
387 2103 446 2168 pro
470 2102 504 2143 re
527 2093 622 2168 atque
641 2079 731 2162 loco,
754 2080 848 2148 sicuti
863 2093 970 2147 monte
990 2078 1212 2170 descenderat,

142 2185 309 2276 paullatim
332 2185 504 2276 procedere
523 2212 529 2250 :
552 2187 692 2255 Marium
707 2202 780 2277 post
794 2186 952 2277 principia
968 2187 980 2224 ⁶
994 2185 1126 2253 habere:
1142 2184 1210 2273 ipse

141 2315 216 2361 eum
241 2293 385 2358 sinistrae
409 2293 477 2358 alae
501 2294 662 2385 equitibus
686 2319 778 2374 esse,
807 2294 919 2382 quiin
945 2295 1068 2383 agmine
1092 2291 1209 2382 princi·

141 2424 199 2493 pes
213 2387 318 2470 eiecti
329 2415 428 2470 erant.
446 2398 491 2471 At
506 2402 526 2465 J
529 2399 680 2491 ugurtha,
696 2401 752 2469 ubi
768 2416 943 2473 extremum
959 2425 1070 2491 agmen
1087 2400 1210 2470 Metelli

164 2603 175 2638 1
199 2583 274 2654 Quia
292 2583 383 2643 hostis
402 2596 463 2642 erat
488 2585 524 2644 ab
550 2584 654 2658 latere,
693 2585 799 2648 reloco
816 2587 1069 2649 constituebantur.
1085 2591 1208 2647 Cornua

138 2657 277 2746 deutrum
288 2661 363 2719 latus
374 2662 405 2718 in
423 2664 547 2739 primam
566 2667 656 2723 aciem
693 2667 864 2754 plerumque
874 2669 956 2724 sociis
968 2668 1147 2734 constabant,
1158 2662 1208 2737 qui

138 2736 354 2799 immutabatur.
611 2767 613 2771 ¹
693 2763 723 2798 1n
743 2742 873 2799 cohortes
893 2745 1040 2811 instructi,
1062 2742 1208 2814 utrimque

159 2828 175 2865 a
198 2808 333 2886 Triplicia
346 2813 471 2870 subsidia
482 2814 653 2892 intelligunt:
694 2817 768 2874 acies
788 2815 966 2874 claudebant,
985 2819 1041 2875 Sed
1053 2821 1207 2896 equitatus,

138 2887 296 2956 uastatos,
309 2892 475 2967 Principes,
491 2893 634 2949 Triarius.
694 2894 737 2949 uti
757 2914 802 2950 res
822 2894 1030 2964 serebat‚nnnc
1041 2909 1117 2963 ante,
1129 2915 1208 2953 nunc

124 3017 128 3022 ,
156 2959 336 3050 3Euercitus
347 2965 503 3023 instructus
513 2973 593 3025 acies
605 2989 653 3043 ge·
692 2971 723 3026 in
743 2970 819 3038 acie,
840 2991 918 3027 nunc
938 2969 975 3025 ad
995 2992 1103 3028 cornua
1123 2972 1206 3028 stetit.

133 3035 227 3101 ¹neralr
247 3040 389 3096 vocabulo
410 3041 567 3101 dicebatur.
588 3045 653 3099 Tri·
693 3046 729 3101 At
750 3044 820 3101 levis
832 3059 993 3107 armaturae
1005 3047 1107 3103 milites
1127 3061 1207 3103 extra

136 3111 193 3167 bus
205 3117 354 3200 constabat
364 3117 511 3192 partibus:
534 3139 566 3175 ea
579 3139 653 3195 quae
693 3121 806 3176 ordines
826 3134 914 3178 erant.
941 3120 986 3176 tlti
1011 3124 1204 3197 procursiont

134 3206 253 3264 proprie
264 3192 422 3248 vocabatur
439 3196 520 3249 acies
526 3217 538 3258 ;
557 3196 652 3252 subsi-
691 3197 746 3252 bus
758 3195 908 3251 eliciebant
918 3196 1039 3265 hostem,
1052 3211 1079 3253 et
1090 3199 1203 3254 initium

136 3262 209 3347 diis,
230 3266 382 3331 cornibus,
404 3269 461 3325 sive
481 3270 546 3325 atis.
562 3269 653 3328 Acies
689 3270 793 3346 proelii
805 3269 922 3339 dabant,
934 3284 995 3327 tum
1007 3274 1036 3328 in
1049 3285 1205 3332 &uernam

133 3335 240 3412 triplici
250 3338 390 3468 Ipeditum
412 3341 511 3398 ordine
528 3345 652 3400 instrue-
690 3345 780 3400 aciem
801 3365 829 3402 se
848 3346 1032 3420 recipiebant.

133 3411 228 3471 batur.
272 3415 336 3469 rimi
350 3429 429 3471 erant
440 3419 571 3483 hastati,
590 3431 651 3474 tum
708 3419 789 3490 lpIta
809 3434 841 3477 ut
863 3426 1015 3496 principia
1041 3420 1203 3500 aut''prima

130 3491 301 3576 principes,
322 3489 388 3547 dein
407 3496 515 3547 triarii.
536 3494 573 3548 Hi
593 3507 650 3550 tres
688 3495 767 3550 frons
776 3497 856 3564 aciei,
867 3517 941 3571 quae
949 3497 1086 3560 adversus
1094 3501 1202 3573 Jugur·

134 3561 248 3621 ordines
271 3566 355 3621 etiam
382 3565 449 3622 dicti
472 3580 537 3623 sunt
567 3574 648 3625 acies
686 3569 767 3626 tham
787 3571 925 3628 instructa
943 3584 1021 3641 erat,
1042 3587 1202 3631 transversa

129 3642 240 3711 prima,
251 3641 393 3706 secunda,
405 3647 502 3697 tertia.
514 3645 582 3699 Post
591 3645 648 3703 sin·
689 3644 851 3715 incederet,
878 3647 1011 3722 latusque
1031 3647 1068 3701 ad
1091 3649 1198 3725 Jugur·

134 3712 215 3787 gulas
227 3728 321 3771 autem
333 3718 406 3774 acies
422 3738 532 3793 paucae
545 3717 646 3775 cohor·
685 3720 764 3777 tham
785 3721 906 3778 haberet
926 3741 1102 3778 conversum.

134 3799 176 3844 tes
194 3804 354 3848 ‘reservatae
377 3806 458 3848 erant
478 3793 515 3847 ad
537 3794 647 3850 subitos
704 3795 721 3852 5
742 3795 836 3853 idest:
860 3801 933 3852 Post
948 3801 1113 3874 principes,
1133 3812 1199 3857 ante

133 3882 232 3932 casus,
261 3886 334 3996 ignee
358 3869 492 3924 subsidia
517 3868 644 3944 appella·
684 3872 807 3939 triarios,
828 3873 858 3926 in
878 3871 978 3927 ultimo
1002 3873 1120 3950 agmine.

131 3937 245 4023 bantur.
289 3941 324 3997 ed
342 3946 450 4018 majora
462 3943 587 4001 subsidia
598 3944 645 4002 rel
699 3945 834 4005 bidest:
855 3947 948 4024 primi.

130 4031 161 4068 sn
173 4025 315 4086 extremo,
330 4017 378 4076 vel
396 4018 451 4076 alio
470 4019 643 4077 commodio-

176 4130 202 4170 Ῑ.
227 4132 250 4173 1.
1033 4127 1053 4190 8
