2888 4748
1167 294 1208 347 rx

93 394 95 403 ’
129 417 212 482 tem
231 398 343 514 venit
370 393 513 476 ducem
534 398 638 475 inter
657 395 833 475 hostium
854 393 1041 476 cadavera
1061 400 1207 509 procul

30 552 34 567 ²
128 544 252 630 asnis
279 551 524 655 expirantem
548 547 798 639 describere,
819 550 891 654 qui
921 543 1095 624 eundem
1124 552 1206 628 ani·

126 701 184 777 mi
213 698 411 790 furorem,
440 726 520 803 quo
550 700 689 776 vivens
720 694 902 787 ardebat,
923 696 1111 799 exanguis
1137 724 1206 776 ore

125 849 383 954 praeseferret
413 867 437 921 ¹.
459 846 567 922 Dum
586 842 713 921 lector
732 842 817 919 odit
836 843 881 918 in
903 841 1073 919 Catilina
1099 851 1206 946 inge·

127 1003 232 1072 nium
262 1001 404 1071 malum
436 1013 699 1101 pravumque,
724 990 930 1069 audaciam
957 989 1000 1064 in
1018 991 1103 1095 ipso
1119 1017 1204 1093 ¹me·

117 1142 216 1222 liori
237 1171 353 1219 causa
375 1140 534 1244 dignam
556 1142 709 1243 cogitur
730 1139 925 1218 admirari.
1181 1110 1184 1117 Ι

177 1292 354 1370 Tametsi
382 1288 482 1366 haec
514 1284 676 1366 audacia
709 1284 814 1365 nihil
847 1286 970 1379 habet
1005 1272 1101 1370 novi
1137 1307 1206 1370 aut

108 1442 377 1546 >inexpectati,
392 1442 425 1516 si
440 1465 561 1545 quam
580 1436 630 1516 de
649 1466 694 1516 eo
715 1435 932 1544 perfectam
952 1454 1091 1517 auctor
1111 1440 1205 1517 irno-

122 1591 254 1694 ginem
276 1588 442 1680 effinxit,
462 1587 585 1693 probe
605 1588 844 1665 memineris.
866 1589 923 1665 Ex
944 1590 1029 1691 ejus
1051 1548 1202 1682 indole,

117 1739 299 1817 moribus
328 1739 533 1842 animique
560 1736 736 1813 motibus
766 1735 882 1814 facile
910 1740 1054 1842 conjici
1070 1753 1204 1843 potest

121 1887 248 1966 alium
277 1916 317 1965 se
344 1885 431 1965 fieri
460 1885 614 1962 Sullam
642 1902 904 1984 conaturum3
927 1886 997 1964 sed
1016 1885 1125 1993 quod
1145 1887 1202 1963 ni·

119 2040 197 2113 mis
218 2036 339 2114 ardua
357 2061 515 2138 semper
535 2032 687 2126 inhiat,
715 2063 784 2140 spe
815 2035 1047 2113 frustratum
1075 2028 1201 2116 malos

120 2186 250 2263 exitus
274 2182 514 2262 habiturum.
547 2178 689 2260 Vastus
715 2190 817 2259 enim
846 2191 996 2259 animus
1023 2186 1201 2260 wimmode-

119 2349 232 2422 rata,
261 2333 529 2420 incredibilia,
549 2359 701 2435 semper
723 2332 904 2434 cupiebat
923 2355 951 2406 2.
974 2328 1053 2408 Sed
1074 2335 1200 2435 quum

117 2509 258 2583 magna
277 2483 320 2561 vi
340 2495 442 2556 esset
462 2475 584 2554 animi
605 2492 646 2554 et
666 2479 854 2582 corporis,
874 2480 1058 2584 praevisu
1078 2478 1196 2559 facile

119 2643 203 2708 crat
222 2627 402 2705 futurum
421 2640 469 2702 ut
488 2653 582 2705 cum
602 2628 682 2704 suis
702 2624 854 2704 fortiter
872 2653 1053 2734 pugnans
1076 2633 1198 2709 morti

104 2803 202 2877 ‘non
222 2774 412 2880 inglorius
433 2774 695 2854 occumberet.

99 3010 102 3015 ,
169 2929 218 3004 In
243 2924 321 3003 hoc
347 2951 442 3007 vcro
464 2921 675 3003 Sallustius
704 2912 858 3003 nemini
885 2943 944 3005 est
968 2952 1195 3034 comparan-

118 3076 216 3169 dus,
245 3078 289 3151 in
317 3089 397 3152 arte
426 3067 579 3163 scilicet
604 3074 710 3157 varia
735 3074 946 3154 hominum
966 3079 1122 3181 ingenia
1145 3081 1195 3169 ad
1221 3062 1223 3067 ⁸

118 3225 258 3304 vivum
277 3223 535 3328 exprimendi.
566 3224 610 3299 Si
637 3250 758 3329 quem
788 3223 831 3299 in
861 3225 942 3301 suis
970 3202 1198 3305 narrationi·

116 3370 194 3459 bus
221 3369 402 3463 inducit,
424 3376 510 3479 ejus
540 3368 780 3479 primordia,
818 3360 1022 3467 indolem,
1043 3376 1197 3467 studia,

115 3520 421 3612 institutionem,
441 3523 607 3600 virtutes
628 3539 669 3601 et
687 3524 784 3604 vitia
804 3540 1003 3618 recenset,
1025 3523 1068 3600 id
1086 3551 1197 3631 prae-

32 3653 69 3676 *
118 3672 236 3775 cipue
266 3673 463 3763 innuens,
490 3669 540 3749 ad
569 3671 677 3778 quod
706 3672 832 3765 sacta,
854 3700 956 3778 quae
986 3670 1037 3751 ad
1066 3675 1196 3780 ipsum

37 3877 39 3880 .
118 3819 339 3921 pertinent,
361 3836 455 3915 sunt
473 3821 687 3905 referenda.

139 3996 151 4036 ι
175 3977 241 4054 Peg.
262 3980 316 4058 67,
335 3979 354 4038 1.
378 3981 419 4056 ¹4·
696 3987 802 4068 al’ag.
827 3984 914 4068 16,1.
939 4005 980 4047 tt.
