2888 4748
240 320 308 387 362
529 304 576 376 C.
602 310 751 378 CRISPI
778 309 1021 379 stLLUsrll

244 465 318 526 382.
344 460 429 526 Dein
445 460 543 526 lenita
560 466 625 544 jam
642 462 833 550 irapostero
849 460 901 529 die
916 461 1103 529 liberalibus
1118 464 1315 556 rerbis‘per-¹

314 569 426 632 mulcti
443 583 526 632 sunt.
545 571 643 632 Prisc.
658 594 757 653 gram.

236 742 239 747 ⁴
305 691 394 735 Crassos
403 699 451 747 post
462 704 553 748 poenam
564 692 649 747 ignavia
658 691 765 735 militibus
776 691 889 741 indictam,

245 787 318 852 383.
345 786 393 849 Er
409 801 497 874 parte
513 785 693 851 cohortium
715 786 899 874 praecipere
918 785 1090 869 instructa,
1106 802 1137 854 ct
1153 787 1309 853 stationes

312 893 433 957 locatae
448 914 506 980 pro
523 892 641 958 castris.
660 895 744 957 Serv.
763 894 890 959 Aeneid.
909 893 964 958 lib.
985 918 1035 961 ra.

307 1013 428 1067 vigilantia
440 1011 510 1059 cusu
522 1014 546 1057 in
557 1013 643 1068 agmina
655 1019 676 1056 et
688 1013 711 1057 iu
724 1012 807 1057 cauria.

242 1105 319 1184 384.
346 1108 575 1188 Coniuratione
590 1106 718 1171 claudit
736 1109 892 1171 Priscian.

307 1225 418 1280 Perpenna
428 1225 540 1269 coenaculi
553 1224 645 1269 aditnaa
659 1224 777 1277 conjuretis
786 1228 888 1282 occupari
898 1224 966 1280 jubet.

245 1319 318 1390 ast.
344 1319 447 1407 Igitur
466 1318 654 1383 discubuere
679 1317 840 1387 Sertorius
861 1319 995 1386 inferior
1015 1318 1049 1384 in
1067 1319 1192 1399 medio,
1217 1341 1315 1407 super

313 1449 388 1490 eum
410 1426 447 1488 L.
472 1426 591 1490 Fabius
609 1426 830 1513 Hispaniensis
854 1440 1032 1490 senatorer
1049 1426 1256 1515 proscriptis,
1280 1425 1315 1488 in
1349 1468 1352 1474 -

312 1555 436 1598 summo
453 1532 625 1609 Antonius,
640 1545 672 1595 et
686 1531 769 1596 infra
784 1532 887 1594 scriba
905 1531 1039 1596 Sertorii
1056 1533 1205 1608 Versius3
1223 1546 1254 1595 et
1270 1531 1314 1594 al-

312 1653 361 1701 ter
376 1637 477 1702 scriba
495 1637 662 1702 Maecenas
678 1634 712 1698 in
728 1635 804 1715 imo,
819 1635 943 1701 medius
958 1636 1041 1701 inter
1059 1638 1264 1727 Tarquitium
1282 1651 1314 1702 et

312 1743 477 1807 dominum
493 1743 702 1831 Perpennam.
721 1745 805 1807 Serv.
823 1744 952 1808 Aeneid.
969 1744 1025 1808 tit.
1046 1768 1072 1809 r.

305 1865 333 1910 In
347 1865 444 1910 triclinio
456 1865 582 1910 adsidebaat
593 1865 616 1908 in
627 1864 691 1910 &aaa
701 1865 836 1920 Perpennae.

246 1961 323 2025 386.
349 1961 444 2023 Hunc
459 1959 556 2046 igitur
571 1958 733 2044 redarguit
748 1958 944 2047 Tarquitius.
960 1964 1077 2026 Donat.
1096 1961 1130 2023 in
1148 1959 1281 2047 Adelph.

304 2078 389 2126 rictam
399 2082 492 2137 jurgium
503 2083 560 2126 inter
570 2083 692 2136 conjuratos
703 2083 726 2124 tn
737 2094 818 2129 coena.

246 2177 320 2265 387.
347 2177 556 2240 Communem
571 2174 716 2241 habitum
731 2178 960 2266 transgressus.'
970 2178 1071 2241 Prisc.

300 2296 363 2343 rut.

240 2387 313 2466 388,
339 2385 419 2448 Nam
436 2384 565 2473 quidem
585 2384 689 2474 Pyrro
712 2397 808 2472 atque
832 2383 1007 2451 Hannibali
1028 2408 1147 2478 aequor
1167 2399 1200 2452 et
1216 2398 1309 2452 terra«

307 2499 421 2555 Donat.
437 2495 471 2554 in
489 2493 614 2560 Phorm.

300 2615 405 2658 Sertorios
415 2623 436 2658 et
447 2613 559 2672 Spartacus
569 2614 639 2671 Pyrro
649 2621 671 2658 at
683 2611 787 2656 Annibali
798 2614 926 2670 comparati·

242 2708 316 2793 389.
343 2710 415 2770 Jam
430 2723 559 2796 repente
573 2708 662 2776 risus
677 2723 724 2772 cst
739 2708 860 2773 saevire
877 2708 1009 2796 Tagum.
1028 2711 1113 2776 Serv.
1125 2714 1200 2775 Aen.
1218 2710 1239 2777 l.
1258 2735 1307 2776 ro.

264 2870 267 2875 ,
302 2827 355 2871 Cura
364 2829 474 2883 Perpenna
483 2828 573 2882 lugiens,
586 2828 692 2872 trucidato
701 2827 803 2879 Sertorio,
813 2828 893 2872 flumen
906 2829 1060 2876 transnatavit.

242 2918 315 3005 39⁰·
346 2920 387 2985 Et
417 2921 616 3007 Perpennam
646 2919 727 2983 forte
757 2921 920 3010 cognoscit
949 2922 1049 2988 mulio
1080 2921 1303 3010 redemptoris.

308 3029 419 3093 Acron.
435 3042 467 3089 et
484 3026 596 3111 Porpb.
615 3027 698 3092 Scol.

301 3143 395 3200 Agnitus
406 3153 428 3188 et
440 3146 544 3200 eaptuain
554 3146 605 3198 fuga
616 3145 735 3200 Perpenna,
747 3143 775 3188 ad
786 3144 909 3200 Pompeium
922 3143 1053 3189 artocreae

243 3239 315 3326 391.
342 3240 385 3306 Μ,
404 3239 562 3303 Antonius
582 3239 765 3327 perdundae
785 3239 940 3327 pecuniae
955 3239 1100 3326 genitus,
1115 3262 1305 3329 vacuusque

309 3347 395 3409 curis
411 3346 472 3410 nisi
488 3346 687 3410 instantibus.
708 3353 773 3409 Asc.
794 3346 868 3408 Pcd.

303 3467 337 3516 ld.
350 3467 458 3512 antonina
469 3474 544 3509 eontra
555 3466 637 3510 Piratae
648 3467 702 3510 mati
714 3480 762 3510 cnm
774 3468 860 3510 infinito
872 3466 964 3522 imperio
974 3467 1112 3525 praeficitur.

244 3559 318 3650 392.
344 3558 504 3627 Antonius
520 3558 575 3622 ille
590 3561 686 3623 trium
707 3559 924 3623 Antoniorum
946 3575 1133 3648 corruptor,
1154 3558 1209 3646 qui
1231 3581 1305 3622 orae

309 3668 485 3732 maritimae
501 3680 655 3754 quantum
665 3667 846 3732 Romanum
862 3679 909 3731 est
923 3667 1107 3755 imperium,
1123 3664 1303 3732 contrarius

312 3774 439 3840 Piretis.
458 3778 566 3836 Acron.
582 3789 614 3836 et
630 3773 743 3858 Porph.
761 3773 844 3836 Scol.

254 3911 256 3915 ’
303 3893 336 3939 lli.
349 3892 441 3938 Antonii
451 3890 531 3937 Cretici
543 3894 667 3948 injustitiae,
678 3895 728 3948 baga
739 3901 761 3936 et
773 3892 869 3941 taranta.

240 3982 317 4073 393,
344 3967 581 4077 suspectusque
596 3985 669 4073 fuit,
684 3985 842 4051 incertum
856 4007 932 4054 reto
948 4006 989 4054 au
1003 4007 1062 4078 per
1076 3981 1301 4076 negligentiam
1388 4034 1390 4038 .
