2888 4748
231 351 252 415 8
573 345 609 410 G.
635 345 672 413 C.
698 342 942 416 SALLUSTII
994 379 998 383 ·

226 499 294 566 fere
318 519 428 566 omnes
451 497 556 567 adhuc
578 499 733 581 viverent,
753 499 838 565 etde
853 500 966 579 rebus,
989 516 1070 586 quas
1092 491 1231 588 quisque
1253 493 1303 568 rii

225 622 316 687 derat
330 622 575 713 audiveratque,
591 622 794 688 scribendum
817 636 911 688 esset:
930 622 979 686 Eo
1002 619 1139 685 maxime
1162 621 1301 687 admira-

224 745 312 810 tione
326 745 455 835 dignus,
463 745 550 836 quod
564 744 705 812 veritatis
723 746 818 811 unice
835 744 1009 824 studiosus,
1022 743 1098 809 odio
1112 744 1301 834 posthabito

117 854 121 859 ⁸
223 868 275 934 vel
297 867 503 935 inimicorum
518 890 651 934 suorum
665 867 779 933 merita
794 867 921 935 silentio
945 889 1010 934 non
1033 867 1302 958 praetermiserit,

224 990 396 1082 ipsumque
422 990 630 1073 Ciceronem,
652 991 826 1083 praecipue
854 990 917 1057 sibi
947 989 1186 1073 adversantem,
1208 1014 1300 1083 prae-

224 1113 347 1180 clarum
371 1113 493 1195 civem,
516 1114 737 1204 optimumque
760 1113 925 1181 consulem
948 1113 1164 1204 appellaverit.
1190 1113 1300 1204 Atque

224 1259 295 1302 mea
319 1235 448 1326 quidem
471 1236 627 1302 sententia
647 1259 685 1302 eo
704 1239 808 1321 major
826 1239 896 1322 ejus
911 1235 1099 1326 magnitudo
1115 1235 1216 1300 animi
1231 1236 1298 1302 elu-

222 1359 293 1441 xit,
325 1383 390 1448 quo
420 1357 671 1427 vehementiores
710 1359 870 1450 altiusque
899 1358 1074 1455 insidentes
1108 1358 1302 1450 cupiditates

223 1481 320 1548 corde
343 1482 473 1574 penitus
496 1482 602 1573 potuit
626 1482 786 1549 abradere.

269 1607 309 1672 ln
332 1605 421 1671 hisce
445 1605 558 1672 studiis
575 1629 649 1673 cum
664 1605 795 1672 biennio
814 1620 898 1674 essct
915 1605 985 1698 ipse
1000 1618 1161 1688 versatus,
1176 1605 1299 1674 factum

222 1745 288 1813 est,
307 1744 348 1796 ut
365 1730 501 1811 Caesar,
525 1729 641 1795 Galliis
663 1729 823 1813 subactis,
843 1733 969 1798 senatui
992 1731 1214 1826 Pompeioque
1235 1730 1298 1796 ira-

222 1871 275 1923 tus
291 1856 428 1920 Romam
444 1874 519 1918 cum
534 1852 673 1919 exercitu
688 1853 861 1936 invaserit,
884 1879 949 1943 qua
964 1855 1021 1944 qui
1036 1878 1102 1920 non
1118 1877 1300 1943 excessere,

221 1978 337 2050 victori
359 1986 545 2069 paruerunt
570 1975 621 2041 lta
642 1977 740 2042 unius
763 1976 929 2045 dominatu
954 1979 1099 2045 libertate
1124 2001 1299 2071 oppressa,

219 2102 343 2196 patriae
374 2098 505 2165 caritate
527 2098 644 2165 ductus
669 2095 842 2166 Sallustius
866 2123 937 2166 eam
960 2102 1130 2192 epistolam
1152 2102 1194 2168 ad
1219 2102 1299 2169 Cae-

220 2248 324 2294 sarem
331 2221 462 2313 scripsit
469 2221 509 2285 de
515 2220 681 2313 republica
696 2222 885 2303 ordinanda3
900 2248 994 2313 quae,
1003 2224 1111 2290 nescio
1126 2249 1192 2315 quo
1209 2248 1299 2307 casu,

218 2348 253 2414 in
278 2347 428 2413 omnibus
452 2343 647 2410 editionibus
675 2344 815 2410 secunda
837 2346 1036 2429 inscribitur,
1059 2347 1136 2412 licet
1157 2335 1297 2437 primam

202 2460 205 2464 ¹
220 2471 320 2547 luisse
335 2467 503 2535 manifeste
518 2481 679 2557 appareat
692 2468 743 2532 lbi
759 2468 897 2536 civitatis
910 2470 988 2537 vitia
1001 2470 1164 2550 denarrat3
1179 2471 1299 2562 quibus

219 2591 389 2684 praesidiis
412 2588 595 2680 respublica
619 2589 807 2656 stabilienda
834 2590 1116 2682 confirmandaeque
1132 2592 1191 2675 sit,
1206 2609 1300 2661 caute

194 2732 199 2742 '
219 2717 446 2806 sapienterque
469 2710 635 2803 proponit,
656 2711 783 2801 ipsique
802 2713 863 2796 iis,
886 2738 968 2805 quae
982 2715 1105 2781 bonum
1120 2716 1223 2785 civem
1245 2716 1299 2784 de·

219 2853 311 2920 cent,
335 2836 442 2904 verbis
465 2834 562 2899 etiam
580 2848 676 2923 atque
692 2835 787 2901 etiam
803 2838 927 2929 patriae
943 2837 1122 2904 libertatem
1138 2863 1298 2906 commen·

218 2962 281 3035 dat
302 2957 450 3027 Sallustii
467 2957 611 3023 studium
626 2957 789 3050 libereque
814 2960 899 3026 dicta
921 2975 1012 3050 grata
1037 2962 1167 3045 Caesari
1189 2963 1298 3043 fuere3

218 3101 315 3176 atque
347 3106 414 3149 non
445 3081 573 3148 nescius
606 3082 724 3172 quibus
751 3083 791 3148 de
814 3083 937 3149 caussis
961 3085 1016 3150 ille
1040 3101 1152 3152 senatu
1176 3091 1298 3172 ejectus

217 3207 348 3291 fuisset,
373 3218 559 3298 quantoque
575 3205 637 3271 sihi
651 3205 797 3273 futurum
820 3221 904 3275 esset
926 3208 1093 3275 commodo
1111 3210 1139 3275 si
1155 3233 1230 3277 eum
1251 3210 1298 3276 vi-

217 3351 291 3395 rum
313 3329 479 3397 beneficiis
500 3328 561 3396 sibi
577 3330 696 3396 arctius
714 3331 906 3399 devincisset
921 3331 1114 3422 intelligens,
1122 3356 1188 3398 non
1205 3346 1301 3398 antea

216 3451 364 3519 discessit
386 3455 511 3536 Roma,
534 3475 633 3543 quam
648 3453 703 3520 ille
719 3469 868 3544 quaestor
890 3455 1008 3523 iterum
1031 3470 1209 3536 crearetur,
1233 3456 1299 3545 quo

216 3573 370 3643 honestus
397 3579 427 3643 ei
457 3577 493 3643 in
524 3577 717 3644 senatoriam
741 3577 935 3667 dignitatem·
950 3578 1073 3645 reditus
1096 3578 1184 3644 foret
1212 3579 1301 3644 Hinc

219 3697 337 3764 Caesar
353 3700 546 3791 Pompeium
563 3715 722 3791 sequutus
737 3717 803 3784 est,
820 3703 877 3792 qui
894 3725 970 3772 cum
986 3702 1173 3768 Pharsalica
1188 3724 1302 3792 pugna

218 3819 363 3888 devictus
395 3837 427 3888 et
458 3822 670 3890 Alexandriae
694 3827 765 3909 ejus
789 3826 873 3915 regis
896 3829 987 3911 jussu
1004 3849 1058 3913 ,cx
1088 3824 1215 3890 insidiis
1247 3848 1299 3890 oc·

219 3935 304 4006 cisus
320 3959 421 4027 esset,
442 3943 553 4011 eodem
568 3961 599 4012 et
614 3947 684 4038 ipse
699 3947 788 4014 venit
803 3947 990 4037 Aegyptum
1004 3947 1141 4037 imperio
1157 3948 1301 4032 adjectu-

219 4086 283 4137 rus.
296 4065 425 4134 Nuncio
445 4069 485 4136 de
509 4084 575 4137 tam
596 4069 691 4137 claris
716 4070 860 4138 victoriis
871 4071 1009 4138 Romam
1025 4071 1170 4164 perlato,
1188 4093 1300 4136 omnes
