2888 4748
363 323 672 404 COMPENDIUM,
694 329 983 401 HISTORIGUM
1156 356 1218 420 ¹79

154 481 250 543 retur,
269 476 387 543 Senatu
412 493 605 559 convocato,
628 503 664 543 ea
687 478 747 543 fuit
775 492 902 568 patrum
926 477 1095 567 trepidatio
1121 503 1220 569 super

153 584 284 674 ancipiti
309 606 469 651 armorum
492 586 597 665 exitu,
613 599 650 649 ut
672 584 791 673 legatos
809 585 848 648 ad
864 584 1022 674 Lepidum
1043 585 1214 655 mittendos

152 691 363 772 decreverint,
388 693 444 780 qui
466 714 577 781 pacem
601 691 866 780 concordiamque
889 706 1040 779 peterent.
1066 691 1112 755 Ar
1134 715 1214 772 rero

153 795 216 860 ille·
230 821 285 886 spe
300 797 410 862 ¹facilis
425 799 578 864 victoriae
600 797 743 878 illectus,
766 813 798 862 et
820 821 934 886 parum
954 797 1054 869 fidens
1080 800 1216 887 promis·

122 971 125 976 ,
155 904 197 968 'sis
218 918 364 984 senatus,
385 903 504 992 repulit
526 905 653 994 legatos.
677 903 762 970 Tum
786 905 936 983 Catulus,
958 905 1099 970 consiliis
1130 907 1219 995 pacis

151 1032 283 1099 prorsus
307 1008 456 1093 abjectis,
479 1011 581 1100 legem
597 1012 756 1078 Plautiam
776 1011 815 1077 de
838 1012 872 1079 vi
894 1011 1058 1078 renovavit
1081 1011 1218 1102 amplifi·

154 1117 321 1204 cavitque;
341 1139 377 1181 ac
392 1117 548 1183 veteranis
563 1119 732 1209 missisque
752 1117 906 1184 militibus
922 1119 1087 1198 revocatis,
1103 1120 1217 1208 paucis

156 1223 267 1287 diebus
299 1223 470 1312 exercitum
493 1227 696 1314 comparavit.
728 1226 888 1310 Quoniam
910 1247 985 1292 vero
1012 1225 1066 1289 ille
1087 1242 1218 1293 sanctus

155 1330 250 1392 aliter
264 1344 296 1393 et
310 1331 434 1416 ingenio
451 1333 572 1395 validus
586 1337 594 1361 ¹
607 1332 654 1396 rei
677 1333 822 1398 militaris
844 1331 1013 1422 prudentia
1035 1331 1141 1397 minus
1165 1346 1237 1404 vae*

155 1434 264 1515 lebat,
294 1436 328 1499 in
353 1460 447 1502 suum
469 1439 577 1502 locum
600 1439 790 1529 Pompejum
817 1440 957 1527 legatum
979 1437 1128 1518 suffecit,
1164 1438 1223 1526 qui

156 1565 236 1606 suae
255 1567 329 1606 cum
345 1544 468 1633 Lepido
484 1544 640 1609 amicitiae
662 1568 728 1610 rem
744 1545 894 1635 praetulit
917 1545 1089 1634 publicam.
1112 1543 1220 1615 Ambo

156 1647 360 1737 imperatores
383 1649 475 1716 firmo
499 1652 658 1741 praesidio
681 1675 777 1741 supra
792 1666 921 1740 pontem
939 1651 1088 1716 Milvium
1105 1651 1227 1727 conatis

156 1769 225 1824 tuto
248 1757 282 1820 in
305 1758 455 1822 laniculo
480 1773 582 1822 castra
596 1772 780 1845 posuerunt
797 1757 857 1821 His
874 1745 990 1821 auditis
1006 1779 1089 1844 quae
1112 1756 1223 1829 adrer-

157 1885 228 1927 sum
244 1887 276 1928 se
292 1864 411 1928 Romae
434 1864 642 1950 gerebantur,
658 1861 799 1950 Lepidus
822 1861 932 1924 aridus
954 1859 1151 1947 properandi
1163 1863 1226 1952 [u-

157 1985 224 2032 ctus
244 1970 256 2006 ‘⁸
279 1970 337 2032 iter
361 1970 546 2048 maturarit,
569 1983 606 2032 ut
628 1969 717 2057 prior
739 1982 871 2058 pontem
894 1980 1083 2055 ceouparst3
1100 1966 1162 2031 sed.
1179 1956 1219 2037 ab

156 2067 301 2140 hostibus
315 2089 504 2162 praeventus
520 2089 606 2138 trans
617 2075 766 2164 Tyberim
782 2075 888 2144 locum
903 2073 1016 2150 castris
1034 2072 1126 2161 cepit.
1142 2072 1226 2149 Inde.

161 2179 297 2244 Romam
319 2179 443 2245 libellos
460 2181 561 2262 misit,
578 2182 696 2270 quibus
712 2181 836 2271 plebem
852 2179 1061 2268 tribunosque
1084 2177 1218 2257 solicitas

157 2287 229 2368 bat,
252 2298 299 2366 ut,
322 2287 462 2353 tumultu
486 2288 569 2353 intra
592 2289 703 2354 urbem
718 2289 854 2353 excitato
872 2276 1018 2372 factoque
1041 2284 1221 2373 eruptione,

159 2394 199 2460 nd
222 2417 255 2458 se
278 2417 352 2459 cum
367 2394 462 2459 armis
477 2374 690 2461 convenirent
708 2395 818 2476 Quum
832 2414 907 2458 vero
922 2391 1082 2457 neminem
1097 2414 1135 2459 cx
1151 2391 1219 2470 suis

159 2501 279 2567 moveri
311 2501 590 2581 animadverteret,
613 2503 752 2588 quamvis
774 2501 938 2586 poenitens
960 2499 1094 2567 >consilii
1112 2509 1131 2576 ³,
1159 2500 1224 2580 jam

160 2622 237 2672 tunc
261 2608 395 2672 nimium
419 2621 608 2696 provectus,
632 2607 789 2696 praelium
804 2605 942 2674 initurus
959 2605 999 2671 ad
1017 2618 1145 2694 pontem
1164 2625 1225 2669 ac·

160 2714 262 2780 cessit.
274 2717 375 2800 Igitur
394 2715 527 2781 Catulus
545 2714 800 2800 legionessspridr'e
817 2716 850 2776 in
866 2728 970 2777 monte
984 2715 1104 2797 positos
1118 2733 1230 2804 aroer-4

160 2825 231 2886 sivit
247 2831 276 2901 ⁴,
299 2835 335 2885 ut
350 2835 530 2887 occurreret
545 2820 707 2900 hostibus,
723 2835 817 2908 atque
832 2823 865 2883 in
881 2843 934 2882 ore
948 2818 1094 2904 gentibus
1110 2840 1226 2903 agenr,

158 2928 290 3016 populo,
313 2931 433 2992 civitati
446 2930 456 2968 ¹
483 2950 564 3018 quae
579 2941 645 2994 tota
660 2928 694 2991 in
712 2928 846 3016 Tyberis
861 2926 963 3014 ripam
979 2924 1071 3013 quasi
1095 2923 1135 2994 ad
1150 2944 1220 3011 spes

163 3036 322 3103 etaculum
338 3050 545 3115 convenerat,
561 3049 649 3100 tanto
665 3035 786 3124 impetu
811 3034 844 3096 in
868 3055 922 3096 eos
937 3031 1048 3109 irruit,
1063 3043 1100 3095 ut
1113 3027 1219 3117 primo

161 3142 267 3211 statim
282 3166 452 3230 congressu
469 3141 532 3209 fusi
547 3157 579 3208 et
594 3141 755 3231 profligati
770 3139 896 3212 fuerint.
909 3139 1000 3203 Tunc
1015 3136 1138 3203 rideres
1154 3156 1223 3223 spes

161 3250 494 3315 ctatoresvictoribus
518 3250 652 3328 mixtos,
675 3249 753 3314 adoo
778 3261 814 3310 ut
829 3245 935 3309 hostes
955 3243 1058 3328 pressi
1080 3241 1222 3327 undique

162 3353 389 3418 multitudine⁶
420 3355 527 3444 palam
552 3377 585 3419 se
607 3353 801 3443 praecipites
826 3352 860 3414 in
890 3349 998 3438 fugam
1023 3347 1224 3431 conjecerim

163 3461 212 3524 Ea
236 3459 416 3539 conflictio,
438 3460 587 3549 populari
611 3460 710 3550 magis
737 3459 891 3529 tumultui
919 3480 1015 3546 quam
1036 3453 1157 3545 praelio
1181 3452 1229 3515 si2'

163 3569 265 3646 milis,
288 3589 388 3656 paene
412 3568 516 3632 caruit
539 3567 701 3656 sanguine.
728 3565 872 3655 Lepidus
896 3565 930 3628 in
954 3560 1116 3629 Etruriam
1139 3579 1171 3621 se
1195 3580 1229 3635 te

162 3675 298 3763 recepit,
323 3688 416 3762 atque
440 3697 572 3743 suorum
595 3673 745 3764 reliquias
765 3674 803 3749 ‚in
827 3672 940 3746 itinere
969 3669 1137 3760 plerasque
1162 3662 1226 3737 eol:

188 3875 199 3909 1
222 3855 303 3929 Frag.
326 3873 368 3913 20.
735 3849 754 3920 lp
773 3852 855 3926 Frag.
877 3854 922 3925 78.

184 3949 200 3986 a
240 3928 281 3986 Id.
328 3932 371 4006 76.
651 3941 655 3949 “
739 3927 756 3984 5
795 3926 837 3981 Id.
878 3944 921 4002 79.

183 4004 202 4062 3
239 4004 282 4061 lu
327 4025 381 4091 27,
513 4081 518 4091 ¹
669 4052 673 4068 ,
738 4004 757 4060 6
795 4002 838 4064 ld,
878 4007 921 4059 80.
