2858 4740
150 379 153 386 -
243 334 285 396 60
539 334 575 399 C.
602 330 750 402 CRISPI
779 321 1043 401 SALLUSTII'

241 483 359 546 talibus
383 485 514 569 confisi,
537 491 595 573 qui
615 483 958 573 lianc'llempulrlicam
982 489 1015 548 in
1035 490 1195 549 maxumis
1212 504 1308 572 saepe

238 591 392 675 periculis
407 619 572 657 servavere.
588 599 658 658 Non
681 596 777 672 rotis,
798 618 900 678 neque
915 593 1081 678 suppliciis
1097 594 1311 656 muliebribus·

239 700 369 764 auxilia
386 702 514 764 deoruni
533 716 712 786 parantur:
734 699 912 785 vigilando,
934 699 1075 784 agendo,
1099 699 1308 763 lieneconsu-

241 807 349 885 lando,
353 832 501 893 prospere
517 810 622 870 omnia
638 807 768 871 cedunt:
781 807 836 870 ubi
850 806 1012 870 secordias
1028 822 1090 870 tete
1107 820 1203 892 atque
1220 810 1313 890 ignor

242 915 309 977 riae
325 915 511 996 tradidens,
526 913 741 999 nequidquam
762 914 836 978 deos
862 914 1031 999 implores,
1046 908 1122 976 irati
1137 915 1309 997 infestique

241 1037 324 1084 sunt.
341 1021 432 1106 Apud
446 1024 580 1104 majores
596 1037 717 1085 nostros
734 1026 769 1084 A.
779 1021 923 1085 Manlius
945 1025 1118 1106 Torquatus
1136 1006 1311 1083 lrelloGal-

242 1130 304 1191 lico
316 1128 427 1212 filium
448 1152 561 1205 suum,
585 1128 670 1214 quod
693 1131 732 1192 iis
755 1144 866 1192 contra
883 1131 1051 1215 imperium
1068 1130 1101 1190 in
1118 1127 1235 1191 hostem
1250 1151 1309 1211 pu-

239 1251 403 1321 gnaverat,
417 1238 526 1298 necari
536 1239 652 1318 jussit3
667 1253 763 1322 atque
777 1236 833 1300 ille
849 1237 990 1321 egregius
1004 1235 1202 1312 adolescens,
1211 1236 1310 1297 inmo*

243 1343 372 1407 dar-atae
378 1343 584 1426 fortitudinis
599 1360 697 1406 morte
710 1368 830 1428 poenas
839 1343 935 1407 dedit.
950 1343 1064 1420 Vos,de
1074 1342 1311 1405 crudelissumis

241 1450 413 1535 parricidis
437 1450 516 1536 quid
537 1453 699 1527 statuatis,
719 1452 939 1513 cunctamini?
958 1449 1111 1514 Videlicet
1125 1466 1231 1512 cetera
1248 1452 1311 1510 cita

241 1580 350 1620 eorum
366 1555 440 1619 liuic
453 1557 568 1620 sceleri
582 1556 691 1619 obstat.
712 1561 824 1620 Verum
844 1561 967 1642 parcite
991 1558 1142 1642 dignitati
1157 1557 1308 1633 Lentuli,

242 1666 271 1726 si
285 1667 351 1749 ipse
364 1662 539 1748 pudicitiae
552 1713 561 1741 ,
575 1665 603 1726 si
606 1665 721 1747 famae
736 1687 828 1741 suae,
841 1666 870 1727 si
892 1665 953 1729 diis
976 1681 1034 1728 aut
1053 1663 1234 1727 hominibus
1250 1688 1308 1724 un-

242 1795 338 1856 quam
360 1770 436 1834 ullis
456 1772 619 1857 pepercit:
642 1771 790 1855 ignoscite
815 1770 944 1857 Cetlregi
965 1754 1221 1847 adolescentiae,
1245 1770 1310 1832 nisi

242 1880 355 1939 iterum
366 1879 436 1959 jam
449 1880 574 1964 patriae
591 1876 801 1962 bellumfecit
817 1879 834 1940 ¹.
849 1882 930 1943 Nam
947 1879 1025 1965 quid
1039 1902 1094 1964 ego
1109 1878 1148 1942 dc
1161 1877 1309 1954 Gabinio,

244 1983 393 2061 Statilio,
420 1987 574 2070 Caepario
596 1985 735 2070 loquar?
751 1985 865 2070 quilius
888 1988 917 2049 si
933 1984 1113 2072 *quidquam
1135 1986 1227 2071 pensi
1251 2009 1308 2046 un-

243 2114 337 2175 quam
351 2091 501 2172 fuisset,
530 2116 593 2154 non
624 2115 664 2154 ea
691 2093 828 2155 consilia
850 2092 890 2156 dc
913 2093 1090 2179 Republica
1116 2093 1307 2156 habuissent.

244 2201 421 2275 Postremo,
438 2202 473 2260 P.
500 2204 556 2277 C.,
578 2200 607 2261 si
622 2197 784 2260 mehercle
805 2215 936 2282 peccato
961 2200 1048 2264 locus
1072 2216 1153 2264 esset
1168 2199 1309 2282 ⁸,facile

242 2312 367 2375 uaterer
382 2328 431 2367 vos
448 2307 517 2390 ipsa
533 2329 566 2368 re
582 2307 715 2390 corrigi,
730 2306 880 2390 quoniam
896 2305 988 2368 rerba
1003 2328 1074 2370 mea
1089 2309 1289 2369 contemnitis
1302 2337 1312 2384 ,-

239 2412 296 2475 sed
319 2412 458 2497 undiquc
481 2415 686 2476 circumuenti
706 2437 822 2476 sumus.
843 2413 984 2477 Catilina
1005 2437 1078 2476 cum
1101 2416 1245 2477 exercitu
1272 2417 1306 2475 in

229 2520 385 2600 faucibus
400 2535 529 2605 urguet:
544 2521 605 2583 alii
618 2523 705 2583 intra
720 2522 867 2599 moenia,
881 2535 977 2606 atque
993 2521 1027 2583 in
1042 2523 1113 2584 sinu
1132 2521 1218 2584 urbis
1235 2538 1310 2583 sunt

241 2631 364 2691 hostes:
387 2653 490 2714 neque
511 2630 643 2713 parari,
667 2653 769 2713 neque
785 2628 911 2691 consuli
927 2629 1102 2714 quidquam
1119 2629 1240 2692 occulte
1255 2655 1311 2712 po·

241 2751 321 2799 test:
337 2759 398 2819 quo
414 2736 512 2819 magis
525 2734 760 2820 properandum
775 2752 831 2798 est.
843 2739 946 2816 Quare
963 2738 1010 2798 ita
1025 2760 1151 2799 censeo:
1166 2760 1237 2797 cum
1254 2761 1308 2797 ne-

229 2841 321 2925 fario
338 2842 469 2904 consilio
491 2843 715 2905 sceleratorum
739 2845 873 2920 civium,
896 2843 1088 2926 Respublica
1103 2845 1136 2905 in
1152 2866 1307 2903 maxuma

237 2949 383 3034 pericula
399 2952 529 3028 venerit,
545 2949 639 3035 lriquc
656 2950 774 3012 indicio
796 2954 826 3011 Τ.
848 2949 1001 3012 Volturcii
1015 2966 1047 3013 et
1067 2949 1239 3032 legatorum
1256 2950 1308 3010 Al-

239 3057 400 3142 lobrogum
415 3059 549 3120 convicti
571 3057 766 3141 confessique
782 3057 866 3131 sint,
881 3044 1009 3117 caedem
1022 3104 1032 3132 ,
1047 3055 1209 3131 incendia,
1226 3055 1309 3118 alia-

239 3164 409 3249 qaefoeda
424 3180 520 3249 atque
536 3164 680 3229 crudelia
702 3165 852 3248 facinora
873 3165 906 3224 in
929 3164 1003 3224 ciris
1030 3163 1231 3247 patriamque
1251 3187 1309 3247 pa-

231 3272 372 3359 {avisse3
387 3272 425 3336 de
441 3274 611 3356 confessis,
626 3274 720 3336 sicuti
734 3271 773 3334 de
790 3270 965 3354 manifestis
980 3294 1086 3333 rerum
1103 3271 1306 3355 capitalium,

238 3401 323 3440 more
339 3381 495 3461 majorum
510 3374 520 3408 ³
534 3379 727 3465 ¹supplicium
743 3377 954 3442 sumendum.-

260 3656 270 3689 1
294 3635 436 3692 Marianas
446 3648 542 3712 partes
554 3649 667 3709 secutus
685 3656 751 3692 cum
790 3649 885 3694 torum
897 3648 1043 3713 patratum
1055 3635 1167 3702 fuisset,
1179 3653 1224 3689 res
1235 3652 1303 3710 pos-

237 3711 373 3767 Mariovct
392 3713 485 3768 Cinna
507 3712 608 3767 urbem
631 3713 748 3770 obsedit.
789 3728 831 3769 set
843 3713 879 3768 ad
891 3713 1011 3768 salutem
1023 3711 1158 3768 converti.

237 3784 407 3843 Plutarchus
419 3789 448 3842 in
460 3788 570 3844 Luculli
582 3789 640 3845 vita
653 3789 752 3845 scribit
808 3789 825 3844 3
838 3772 892 3844 Pu
901 3789 1063 3845 carnificem
1072 3787 1250 3860 etlaqucusn,
1264 3787 1305 3840 uti

238 3880 302 3919 etun
314 3861 481 3931 libidinum,
504 3864 675 3939 flagitiorum
687 3884 747 3920 scer
786 3884 848 3920 mos
859 3865 1101 3940 erat‚priusquam
1109 3862 1191 3936 ‘leges
1203 3863 1307 3916 Porcia

236 3933 385 4012 lerumque
396 3939 515 4014 plenum
523 3939 615 3998 luisse.
787 3954 815 3996 et
834 3941 1003 4015 Sempronia
1013 3959 1067 4016 pro
1080 3951 1159 4015 tergo
1173 3951 1201 3996 et
1214 3938 1307 4015 capite

256 4028 273 4065 α
290 4011 319 4066 Si
330 4027 484 4092 postquam
495 4016 604 4073 lacinus
615 4018 748 4092 conjura·
787 4016 893 4074 civium
905 4017 1092 4074 sancirentur.
