2888 4748
75 4158 87 4184 P

430 276 619 344 BELLUM
646 275 987 345 CATILINARIUM
1204 305 1243 373 ¹7

168 415 305 485 civitatis
321 431 447 508 tempus
465 419 649 498 admonuit,
673 441 770 507 supra
793 432 934 508 repetere
958 441 995 483 ac
1019 417 1130 508 paucis
1154 418 1244 485 insti-

167 541 236 592 tuta
260 529 438 610 majorum,
462 526 549 592 domi
573 525 787 614 militiaeque,
812 526 973 614 quomodo
998 527 1243 617 Rempublicam
1344 554 1359 585 ³

166 634 355 716 habuerint,
379 649 595 724 quantamque
619 634 833 722 reliquerint:
856 647 892 697 ut
914 633 1082 723 paullatim
1106 633 1242 701 inmuta-

164 755 216 824 ta,
239 767 277 807 ex
299 743 529 833 pulcherruma
553 757 584 808 ct
608 742 727 833 optima
750 763 901 832 pessuma
924 764 961 805 ac
986 740 1242 830 flagitiosissuma

164 849 249 944 facta
273 851 332 931 sit,
356 851 519 916 disserere.

210 959 270 1025 Vl.
296 959 419 1024 Urbem
435 959 589 1038 Romam,
604 957 698 1022 sicuti
723 981 780 1044 ego
805 955 936 1046 accepi,
953 956 1123 1025 condidere
1147 974 1242 1049 atque

163 1064 305 1130 habuere
329 1066 421 1129 initio
447 1066 598 1149 Trojani,
622 1067 697 1154 qui,
722 1063 832 1129 Aenea
861 1065 969 1144 duce,
1000 1065 1130 1155 profugi
1161 1066 1242 1131 sedi-

161 1173 224 1238 bus
250 1174 380 1238 incertis
404 1172 620 1261 vagabantur3
645 1195 782 1260 cumque
805 1171 855 1236 his
873 1171 1070 1261 ,Aborigines
1091 1189 1118 1254 ¹,
1141 1197 1241 1263 genus

123 1298 125 1302 ⁴
162 1280 331 1345 homiuum
355 1294 492 1369 agreste,
508 1280 576 1344 sine
593 1278 733 1368 legibus,
749 1278 817 1343 siue
833 1279 980 1369 imperio,
994 1280 1130 1344 liberum
1147 1296 1243 1371 atque

162 1387 312 1453 solutum.
339 1388 401 1467 Hi,
425 1403 596 1477 postquam
616 1388 649 1451 in
668 1411 732 1451 una
752 1388 879 1452 moenia
899 1411 1096 1469 convenere,
1120 1389 1241 1480 dispari

162 1519 296 1584 genere,
319 1495 467 1561 dissimili
491 1497 619 1584 lingua,
644 1495 698 1558 alii
723 1495 785 1560 alio
809 1519 897 1560 more
920 1496 1080 1576 viventes,
1104 1497 1239 1562 incredi-

161 1603 226 1667 bile
246 1618 440 1682 memoratu,
458 1626 555 1692 quam
578 1601 670 1667 facile
695 1603 879 1667 coaluerint.
908 1602 971 1666 Sed
993 1618 1164 1693 postquam
1188 1628 1239 1686 res

161 1734 272 1775 eorum
297 1711 442 1792 civibus,
465 1711 628 1791 moribus,
653 1711 736 1799 agris
761 1723 874 1790 aucta,
904 1710 979 1775 satis
1007 1733 1159 1800 prospera
1190 1735 1238 1776 sa-

158 1819 265 1907 tisque
280 1818 405 1908 pollens
423 1817 609 1895 videbatur3
634 1816 729 1881 sicuti
747 1817 900 1906 pleraque
920 1817 1103 1882 mortalium
1118 1817 1236 1884 baben-

81 1984 84 1991 .
157 1939 238 2007 tur,
262 1926 383 1991 invidia
408 1949 445 1990 ex
475 1926 639 2015 opulentia
664 1939 731 1987 orta
755 1938 809 1988 est.
835 1924 939 2013 Igitur
962 1937 1077 2014 reges·
1109 1928 1235 2017 populi.

158 2057 223 2123 que
246 2031 398 2096 ³finitimi
421 2031 505 2095 bello
530 2045 659 2096 tentare.
685 2032 785 2096 Pauci
809 2055 846 2097 ex
870 2032 980 2096 amicis
1003 2032 1122 2098 auxilio
1147 2059 1234 2100 esse:

163 2164 238 2206 nam
261 2140 377 2204 caeteri
389 2191 397 2221 ,
420 2153 507 2204 metu
531 2139 797 2229 perculsi,longe
813 2141 1000 2230 apericulis
1025 2142 1163 2206 aberant.
1190 2142 1236 2209 At

156 2248 313 2329 Romani,
338 2246 425 2311 domi
447 2247 644 2336 militiaeque
663 2247 793 2328 intenti,
817 2247 981 2329 festinare,
1003 2272 1127 2339 parare,
1152 2249 1235 2315 alius

154 2357 256 2422 alium
286 2355 429 2432 hortari,
459 2354 605 2418 hostibus
636 2355 762 2419 obviam
785 2355 850 2432 ire;
874 2355 1071 2434 libertatem,
1094 2356 1232 2444 patriam

154 2478 367 2554 parentesque
392 2463 488 2526 armis
512 2476 624 2549 tegere.
652 2460 747 2538 Post,
771 2460 827 2524 ubi
850 2461 995 2549 pericula
1017 2461 1134 2527 virtute
1157 2486 1231 2551 pro·

154 2571 324 2661 pulerant,
349 2570 443 2635 sociis
467 2583 562 2659 atque
583 2566 693 2632 amicis
716 2567 833 2631 auxilia
847 2568 1040 2658 portabant:
1064 2570 1231 2658 magisque

153 2678 296 2759 dandis,
326 2700 423 2767 quam
454 2675 653 2766 accipiundis
677 2673 839 2741 beneficiis
864 2676 1019 2741 amicitias
1042 2678 1228 2766 parabant:

153 2787 326 2878 imperium
354 2784 558 2874 legitimum,
590 2806 706 2848 nomen
730 2783 857 2872 imperii
888 2784 1011 2872 regium
1043 2783 1202 2851 habebant
1219 2811 1248 2877 :-
1282 2840 1284 2844 .

152 2894 287 2975 delecti,
312 2893 429 2983 quibus
453 2915 570 2980 corpus
594 2892 685 2955 annis
710 2889 891 2970 infirmum,
914 2892 1078 2980 ingenium
1102 2894 1228 2983 sapien-

152 3002 197 3068 tia
220 3000 363 3068 validum
393 3015 486 3079 erat,
508 2999 718 3090 Reipublicae
747 2998 976 3063 consultabant.
1003 2999 1046 3062 Hi
1070 3001 1120 3066 vel
1144 3014 1226 3066 aeta·

151 3122 202 3190 te,
226 3108 279 3175 vel
301 3130 397 3173 curae
421 3107 629 3174 similitudine
650 3105 662 3144 ⁴
690 3106 800 3169 Patres
822 3113 832 3148 ⁵
858 3105 1107 3194 adpellabantur.
1128 3106 1225 3190 Post,

70 3230 73 3237 '
150 3215 209 3281 ubi
240 3214 364 3302 regium
394 3215 583 3304 imperium,
613 3212 700 3302 quod
721 3212 812 3303 initio
835 3214 1069 3280 conservandae
1097 3215 1224 3283 liberta·

150 3323 224 3388 tis⁶
255 3335 351 3409 atquc
382 3321 544 3411 augendae
575 3320 784 3410 Reipublicae
814 3317 944 3404 suerat,
973 3322 1007 3386 in
1040 3322 1223 3413 superbiam

172 3535 183 3571 1
206 3514 305 3572 Italiae
325 3511 435 3571 incolae
455 3514 665 3589 antiquissimi,
724 3513 741 3572 5
762 3513 887 3571 Centum
915 3514 1017 3571 delecti
1040 3534 1055 3568 a
1075 3513 1219 3582 Romulo,

150 3591 244 3667 quasi
254 3591 314 3647 sine
335 3590 452 3665 origine.
704 3590 806 3647 deinde
816 3591 863 3647 alii
875 3590 973 3648 adsciti
985 3592 1101 3646 fuerunt
1113 3601 1141 3645 et
1153 3600 1220 3644 'cum

169 3687 184 3722 2
206 3666 342 3737 Turnus,
363 3665 539 3735 Mezentius,
557 3665 663 3733 Acron,
702 3667 802 3743 primis
811 3667 1002 3743 scripti;unde
1014 3683 1111 3722 omnes
1119 3677 1219 3739 postea

150 3742 257 3801 Tatius
702 3756 799 3818 patres
811 3743 966 3818 conscripti
978 3737 1113 3818 appellati
1123 3751 1196 3796 sunt.

166 3816 184 3873 3
205 3818 319 3886 Sabini,
340 3817 489 3887 Hetrusci,
508 3817 603 3873 Latini
622 3837 662 3877 ec.
720 3821 739 3876 6
759 3820 821 3874 Rex
841 3821 916 3874 enirn
933 3819 1013 3874 initio
1030 3814 1103 3871 nihil
1117 3813 1220 3893 agebat

167 3892 185 3963 d
202 3893 278 3963 Qui,
297 3913 385 3970 quam
402 3907 498 3971 patres
518 3892 663 3965 familiae,
703 3895 763 3954 siue
784 3895 952 3954 auctoritate
971 3905 1095 3970 patrum.

144 3969 334 4045 Reipublicqe
355 3992 454 4028 curam
472 3969 626 4029 habebant.
829 3969 830 3981 ¹

195 4086 223 4130 r.
246 4087 270 4128 r.
567 4093 570 4099 ·
1016 4072 1064 4130 2'
