2888 4748
231 314 300 431 vxor
546 356 583 423 c.
608 351 759 423 emsm
785 343 1028 428 sanous'ru

226 515 360 591 cultum,
383 523 416 575 et
438 523 544 574 rutam
566 517 681 596 pacem
705 510 813 589 vellet,
835 510 928 576 duret
951 491 1094 596 operam,
1117 500 1153 577 ut
1171 529 1244 604 sunu
1257 503 1301 578 ab

227 619 387 698 omnibus,
410 620 505 705 quari
526 618 566 682 de
589 640 684 703 paee,
708 619 742 680 in
765 617 972 705 conloquium
987 619 1168 698 veniretur3
1191 620 1300 706 ibique
1348 664 1359 684 ι

226 729 290 794 sibi
314 726 443 792 Sullam
466 725 609 789 maderet
622 750 631 788 :
645 749 718 788 cum
735 726 832 790 talem
848 728 948 790 virum
967 726 1001 789 in
1024 741 1179 812 potestate
1204 727 1300 792 bobe-

226 853 297 916 ret,
310 851 389 900 'tum
401 835 494 920 fore,
517 834 567 896 uti
584 834 678 917 jussu
693 818 822 898 senatus
835 834 1013 921 populique
1029 837 1166 932 Romani
1176 834 1309 919 foedus.

216 947 339 1030 fieret3
363 965 468 1028 neque
492 940 652 1005 bominem
676 941 816 1012 nobilem
840 966 905 1005 non
928 966 988 1005 suu
1012 943 1158 1026 ignavia,
1180 942 1237 1007 sed
1261 942 1300 1006 ob

226 1050 509 1138 Rempublioam
496 1073 531 1112 tn
555 1047 693 1112 bostium
711 1062 872 1135 potestate
897 1048 1082 1113 relictum
1070 1051 1120 1113 tri.
1313 1042 1314 1045 ¹

276 1155 404 1223 CXXI.
430 1157 518 1221 Haec
542 1156 678 1220 Maurus
702 1177 812 1222 seeum
834 1155 904 1244 ipse
927 1154 987 1222 diu
1000 1156 1152 1237 volvens,
1172 1157 1300 1222 tandem

181 1263 385 1364 promisit
404 1264 555 1330 Ceterum
577 1262 728 1343 dolo,an
687 1264 839 1343 novere,
861 1285 980 1353 parum
995 1265 1218 1355 comperimus.
1237 1263 1302 1330 Sed

223 1374 422 1468 plerumque
444 1370 550 1459 regiae
565 1369 767 1451 voluntates,
791 1384 828 1436 ut
842 1369 1127 1453 vehementes,sic
1149 1373 1303 1453 mobiles,

226 1504 328 1571 saepe
351 1481 440 1570 ipsae
464 1478 527 1543 sibi
551 1477 712 1545 advorsae.
737 1478 854 1543 Postea
869 1492 1012 1569 tempore
1034 1493 1068 1545 et
1088 1479 1162 1545 loco
1186 1484 1303 1549 consti-

228 1603 312 1669 tuto,
335 1587 369 1650 in
393 1584 604 1674 conloquium
628 1584 677 1650 uti
701 1585 740 1649 de
763 1607 844 1674 pace
857 1586 1040 1668 veniretur,-
1057 1588 1205 1658 Bocchus
1228 1586 1309 1663 Sul-,

228 1698 296 1762 lam
319 1692 437 1772 modo,
460 1693 556 1758 modo
578 1691 761 1782 ,Iugurthae
789 1692 930 1783 legatum
956 1693 1137 1784 adpellare3
1164 1699 1303 1789 benigne

66 1771 71 1779 ”
153 1899 156 1902 ἡ
228 1803 370 1881 lrabem3
393 1801 480 1867 idem
495 1801 650 1896 ambobus
665 1799 819 1890 polliceri.
837 1801 891 1865 llli
913 1801 1033 1893 pariter
1054 1803 1150 1887 lacti,
1173 1831 1211 1880 ac
1235 1811 1304 1900 spei

229 1913 335 1978 bonae
358 1908 446 2000 pleni
471 1932 548 1976 esse.
575 1907 640 1973 Sed
663 1923 757 1974 nocte
780 1931 836 1990 ea,
860 1933 951 1999 quae·
964 1934 1120 2001 proxuma
1143 1914 1210 1981 fuit>
1229 1932 1303 1996 ante

229 2021 318 2087 diem
341 2017 513 2109 conloquio
537 2015 712 2097 decretum,
727 2016 863 2084 Maurus
879 2016 1031 2085 adhibitis
1047 2020 1170 2103 amicis,
1185 2047 1223 2089 ao
1239 2039 1301 2090 sta-

230 2128 292 2194 sim
313 2125 471 2190 inmutata
493 2123 678 2203 voluntate,
700 2122 842 2204 remotis,
858 2124 977 2192 dicitur
992 2149 1102 2193 secum
1116 2129 1186 2220 ipse
1200 2132 1302 2204 multa
1321 2193 1322 2197 ,

229 2232 413 2325 agitavisse,
427 2232 520 2298 vultu
544 2230 688 2320 corporis
708 2230 829 2319 pariter
845 2245 941 2320 atque
956 2233 1064 2301 animo
1079 2238 1203 2305 varius:
1220 2233 1327 2328 quae*

225 2341 378 2421 scilicet,
395 2353 520 2405 tacente
542 2338 631 2428 ipso,
654 2337 781 2404 occulta
803 2338 942 2428 pectoris
965 2342 1160 2430 patefecisse.
1179 2347 1301 2412 Tamen

230 2462 392 2540 postremo
418 2447 542 2512 Sullam
565 2444 682 2511 arcessi
706 2445 816 2529 jubet3
839 2459 871 2512 et
899 2469 938 2512 en
960 2451 1031 2532 ejus
1056 2452 1211 2548 sententia
1234 2446 1316 2519 Nu·'

230 2556 339 2625 midae
364 2553 498 2622 insidias
521 2553 632 2619 tendit
649 2553 788 2635 Deinde,
804 2553 862 2618 ubi
877 2553 945 2621 dies
961 2548 1108 2639 advenit,
1121 2573 1155 2627 et
1177 2561 1208 2626 ei
1221 2584 1304 2630 nun·
1321 2619 1324 2623 ,

230 2666 354 2731 ciatum
376 2655 444 2744 esb,
466 2659 662 2752 Jugurrham
685 2660 773 2726 haud
795 2662 911 2753 procul
935 2662 1065 2743 abesse;
1093 2689 1167 2731 cum
1189 2670 1303 2758 paucis

230 2772 344 2838 amicis
366 2786 399 2837 et
423 2785 592 2860 quaestore
616 2783 738 2850 nostro,
765 2770 859 2860 quasi
884 2770 1008 2839 obvius·
1021 2770 1153 2863 honoris
1177 2799 1303 2856 caussa,

230 2878 376 2971 procedit
390 2879 426 2943 in
440 2877 602 2943 tumulum
616 2876 818 2943 facillumum
833 2877 906 2946 visu
925 2877 1168 2953 insidiantibus}
1177 2881 1301 2952 Eodem
1405 2932 1408 2936 .

231 2986 374 3053 Numida
397 3008 472 3054 cum
494 2985 656 3076 plerisque
672 2985 860 3051 necessariis
876 2986 943 3051 suis
958 2986 1109 3068 inermis,
1129 3002 1165 3053 ut
1174 2987 1302 3062 ‚dictum
1336 2998 1339 3004 '

230 3109 319 3176 erat,
342 3093 486 3173 adcedit3
509 3117 548 3158 ao
572 3093 679 3158 statim
694 3092 785 3180 signo
801 3091 894 3171 dato,
914 3091 1066 3181 undique
1082 3093 1178 3168 simul
1201 3119 1239 3161 ex
1254 3097 1302 3162 in.

227 3201 324 3271 sidiis
339 3202 510 3269 invaditur.
529 3200 636 3266 Ceteri
651 3199 852 3265 obtruncati:
869 3199 891 3264 J
893 3199 1033 3290 ugurtha
1050 3200 1159 3268 Sullae
1175 3203 1302 3271 vinetus
1319 3264 1321 3268 ,

229 3308 370 3384 traditur
384 3315 412 3390 ¹,
436 3324 467 3374 ot
490 3309 531 3373 ab
555 3332 592 3373 eo
616 3308 656 3372 ad
681 3308 822 3373 Marium
845 3307 1002 3373 deductus
1026 3323 1081 3374 est
1315 3369 1317 3373 ,

279 3416 423 3482 CXXII.
449 3419 511 3482 Per
534 3416 619 3480 idem
642 3417 794 3506 tempus·
817 3414 989 3483 advorsum
1009 3417 1120 3484 Gallos
1145 3419 1185 3483 ab
1209 3418 1299 3485 duci-

137 3504 140 3509 *
228 3521 292 3604 bus
315 3524 431 3592 nostris
457 3524 494 3609 Q.
521 3524 682 3614 Caepione
705 3539 737 3590 et
760 3525 805 3589 Μ.
831 3523 955 3591 Manlio
979 3525 1062 3592 male
1085 3539 1266 3616 pugnatum
1278 3525 1300 3598 ἦ

255 3790 267 3828 r
291 3766 370 3827 Sulla
388 3769 594 3860 bonooperum
610 3792 627 3827 a
639 3787 668 3829 se
679 3769 747 3828 Rei·
805 3788 823 3828 u
843 3771 922 3830 Haec
941 3791 976 3830 eo
986 3769 1053 3829 ideo
1064 3770 1149 3839 dieta,
1161 3781 1194 3826 ut
1206 3782 1303 3827 osten·

231 3847 377 3935 publicae
386 3850 552 3923 praestitam
571 3849 642 3907 tanti
661 3849 746 3916 fecit,
786 3845 845 3915 dat,
855 3868 907 3904 cur
915 3849 982 3905 hcet
992 3849 1095 3903 absens
1109 3811 1217 3902 Mbrius
1233 3864 1302 3905 cou-

233 3935 267 3979 ut
293 3923 445 3998 imaginem
472 3923 559 4000 hujus
587 3923 747 3981 traditionis
784 3936 829 3980 tra
854 3923 931 3998 leges
956 3923 1047 3980 sactus
1064 3923 1177 3979 iterum
1201 3920 1303 3979 consul

234 3998 344 4055 annulo
360 3998 533 4087 insculptam
549 4000 683 4072 haberet
700 4020 748 4059 eo·
785 3999 880 4058 fuerit

235 4074 406 4150 quaomnia
428 4075 560 4152 signaret
806 4073 884 4147 30
907 4072 1045 4138 Servilius
1065 4064 1176 4164 Caepio
1201 4022 1303 4134 consul
