2888 4748
385 338 575 408 BELLUM
599 331 939 404 JUGUR-THINUM
1151 329 1190 396 81

123 498 241 566 dedit:
262 493 347 559 unde
368 508 462 580 pater
489 507 530 555 ct>
551 513 626 554 arus
656 511 744 552 meus
758 511 834 550 una
859 484 1017 549 vobiscum
1041 484 1196 575 expulere

37 599 38 602 ¹
127 605 305 695 Syphacem
336 616 369 665 et
395 579 681 684 Carthaginienses.
717 598 827 661 Vestra
851 592 1007 677 beneficia
1029 592 1110 655 mihi
1132 617 1200 658 ere·

125 729 184 802 pta
205 726 301 789 sunt,
325 712 361 772 P.
389 713 444 786 C.,·
467 730 517 771 cos
542 707 670 768 irc-mea
693 703 815 787 injuria
837 699 978 786 despecti
1001 699 1084 764 estis.
1109 700 1200 765 Eheu

129 844 180 884 ms
204 817 375 882 miserum!
392 815 555 890 Haecine,
579 813 717 897 Micipsa
737 823 852 895 pater,
876 807 1031 890 beneficia
1054 822 1110 870 tua
1133 831 1203 871 era·

130 950 219 1004 sere,
242 940 277 988 ut
301 946 395 1011 quem
419 937 453 984 tu
475 904 586 1007 parem
610 942 682 982 cum
713 914 834 980 liberis¹
855 916 918 977 tuis
950 917 1101 1000 regnique
1126 940 1205 1001 par·

131 1035 260 1118 ticipem
274 1031 411 1114 fecisti,
434 1028 461 1090 is
483 1029 693 1112 potissumum
716 1024 824 1108 stirpis
848 1036 922 1085 tuae
947 1023 1124 1085 exstinctor
1138 1023 1207 1093 sit?

134 1144 357 1223 Numquamne
381 1158 454 1220 ergo
468 1134 605 1217 familia
627 1146 736 1194 nostra
756 1131 866 1216 quieta
881 1129 966 1190 crit?
981 1132 1156 1214 Semperne
1172 1131 1207 1193 in

135 1245 290 1330 sanguine
315 1243 475 1326 ¹,serro,
487 1241 573 1325 fuga
595 1236 812 1301 versabimur?
828 1241 911 1298 Dum
932 1235 1211 1322 Carthaginienses

130 1351 312 1416 -incotames
326 1349 447 1432 suere,
464 1350 539 1432 jure
564 1346 672 1409 omnia
695 1366 788 1407 saera
810 1341 1034 1428 patiebamur3
1049 1342 1212 1409 hostes-alr

137 1459 259 1524 latere:
283 1480 333 1518 ros
348 1455 447 1519 amici
462 1452 605 1541 procui:
628 1475 698 1538 spes
723 1451 824 1514 omnis
848 1451 882 1513 in
907 1453 1004 1514 armis
1028 1467 1106 1515 erat.
1124 1456 1215 1517 Past-

87 1612 89 1617 ·
139 1589 235 1652 quam
252 1563 312 1628 illa
325 1563 424 1649 pestis
442 1565 508 1626 'ea
525 1562 634 1644 Africa
657 1563 760 1644 ejecta
785 1572 853 1635 est,
878 1557 957 1621 laeti
978 1585 1091 1646 pacem
1115 1561 1214 1645 agita-

139 1672 274 1736 bamus:
297 1673 437 1758 quippe,
453 1671 552 1755 queis
567 1669 664 1732 hostis
687 1665 798 1731 nuilus
822 1682 892 1730 erat
901 1694 911 1744 ,·
927 1668 991 1729 nisi
1005 1668 1096 1750 forte
1121 1676 1216 1754 'quem

140 1803 195 1844 ras¹
209 1779 394 1864 iussissetis.
417 1781 500 1841 Ecce
524 1791 631 1839 autem
655 1798 699 1837 ea
723 1776 879 1860 inproviso
900 1775 1059 1860 iugurtha
1071 1825 1080 1854 ,
1104 1777 1217 1842 intole-

140 1886 245 1951 randa
268 1884 426 1963 audacia,
449 1883 568 1948 scelere
592 1899 688 1968 atque
704 1881 854 1969 superbia
876 1906 943 1945 sese
966 1884 1110 1967 ecserens
1122 1934 1132 1964 ,
1141 1885 1217 1968 sra-

144 2010 192 2059 trs
216 2017 305 2071 meo,
336 2008 432 2076 atque
456 1991 566 2055 ecdem
587 1993 767 2078 propinquo
791 2015 847 2054 suo
872 1991 1059 2076 interfecto,
1079 1993 1220 2077 primum

145 2123 280 2186 regnum
303 2101 372 2181 ejus
395 2097 525 2161 sceleris
540 2099 591 2160 sui
604 2098 758 2184 praedam
772 2100 879 2183 secit3
898 2113 991 2184 post,
1014 2098 1071 2163 ubi
1094 2121 1144 2162 me
1168 2099 1222 2161 iis·

148 2207 221 2271 dem
245 2205 327 2268 dolis
351 2207 463 2291 nequit
485 2229 599 2291 capere
612 2255 621 2286 ,
637 2205 721 2269 nihil
742 2208 848 2270 minus
871 2228 968 2291 quam
992 2207 1057 2268 rim·
1077 2220 1134 2269 aut
1156 2203 1224 2267 bel·

142 2311 216 2377 ‘ium
240 2328 503 2398 exspectantem,
517 2315 552 2376 in
568 2315 701 2399 imperio
718 2329 839 2392 restro,
855 2315 952 2376 sicuti
968 2311 1079 2375 ridetis
1091 2359 1101 2388 ,
1114 2324 1223 2376 extor-

105 2424 117 2430 ”’
146 2445 216 2487 rem
237 2421 365 2506 patria,
388 2418 499 2498 domo,
523 2422 650 2504 inopem
680 2433 713 2481 et
736 2433 917 2503 coopertum
942 2419 1078 2495 mueriis
1101 2416 1225 2501 effecit,

150 2542 187 2593 ut
210 2526 309 2591 ubivis
333 2527 455 2604 tutius,
478 2549 575 2611 quam
599 2526 633 2587 in
658 2548 727 2588 mea
752 2549 847 2610 regno
872 2548 981 2589 essem.

196 2632 291 2699 XVI.
315 2636 381 2718 Ego
411 2634 458 2696 sic
490 2632 725 2698 existumabam
737 2680 746 2710 ,
771 2635 806 2695 P.
836 2637 869 2696 0.
881 2663 896 2711 ,·
914 2634 962 2696 uti
984 2633 1227 2718 praedicantem

152 2720 335 2806 audiveram
349 2754 474 2825 patrem
490 2764 624 2809 meum:
649 2740 711 2819 Qui
734 2755 867 2802 vestram
892 2740 1069 2804 amicitiam
1093 2740 1228 2828 diligen-

152 2863 201 2912 ter
223 2847 384 2924 colerent,
400 2870 453 2913 eos
468 2844 763 2917 multumlaborem
786 2845 798 2882 ⁸
820 2848 998 2931 suscipere,
1021 2864 1161 2912 ceterum
1184 2874 1228 2914 ea

154 2952 303 3027 omnibus
315 2976 470 3039 maxume
496 2967 586 3017 tutos¹
604 2975 681 3018 esse.
699 2951 790 3031 Quod
813 2953 847 3015 in
860 2953 998 3036 familia
1010 2971 1130 3019 ‘nostra
1143 2958 1231 3038 fuit,

153 3061 335 3147 praestitit,
358 3061 407 3122 uti
430 3061 464 3123 in
478 3058 636 3127 ¹omnibus
652 3045 745 3122 bellis
760 3057 887 3123 adesset
902 3059 986 3123 vobis
1006 3087 1014 3122 τ
1036 3085 1095 3124 nos
1111 3063 1160 3124 uti
1171 3086 1231 3148 per

151 3168 255 3243 ,otium
280 3169 342 3243 tuti
364 3169 462 3229 simus
474 3215 484 3245 ,
508 3168 544 3228 in
567 3190 665 3231 manu
691 3181 792 3230 vestra
815 3181 883 3243 est,
907 3170 943 3228 P.
978 3170 1012 3230 0.
1046 3172 1145 3232 Pater
1174 3194 1231 3234 nos

154 3273 235 3337 duos
248 3271 372 3354 fratres
395 3273 547 3357 reliquit3
571 3273 699 3336 tertium
710 3319 721 3351 ,
744 3270 955 3356 Iugurtham,
979 3271 1142 3358 beneficiis
1163 3278 1232 3342 suis
1336 3356 1340 3365 ι

157 3395 246 3442 ratus
270 3391 317 3439 est
341 3376 431 3441 nobis
456 3381 660 3460 conjunctum
673 3379 761 3460 sore.
778 3379 867 3441 Alter
883 3403 991 3442 earum
1007 3398 1139 3447 necatus
1151 3431 1161 3461 ,
1184 3385 1232 3446 al-

94 3569 100 3573 ·
159 3487 257 3551 terius
282 3485 348 3568 ipse
372 3507 427 3568 ego
451 3507 564 3546 manus
588 3486 693 3569 inpias
717 3486 771 3547 oia
793 3487 901 3570 effugi.
929 3486 1014 3567 Quid
1036 3493 1232 3572 agamiaut

159 3617 223 3679 qua
245 3591 443 3676 potissimum
467 3591 585 3674 inseiis
600 3589 778 3655 adcedam?
790 3595 915 3679 generis
937 3594 1100 3678 praesidia
1124 3597 1231 3660 omnia

186 3819 196 3854 1
219 3798 366 3856 Masinissa
387 3820 403 3855 a
423 3800 545 3879 Siphace
561 3802 678 3860 armise
715 3803 855 3863 redactus.

164 3893 252 3948 regno
264 3873 365 4003 pulsus
377 3876 477 3934 suerat:
488 3878 677 3934 fraterHiem·
712 3918 715 3923 -
736 3900 751 3937 2
774 3879 1030 3968 Carthaginienses.

164 3948 255 4026 psala
285 3951 408 4026 ugurtha
421 3954 597 4022 trucidatus,
616 3955 678 4030 ipse
735 3955 894 4043 3Propter
915 3952 1092 4016 imminentia
1121 3954 1232 4037 ubique

165 4023 316 4081 abeodem
331 4026 368 4083 ad
382 4042 523 4090 extremas
534 4030 678 4109 angustias
716 4032 854 4090 Romams
864 4030 948 4093 bella.

218 4139 248 4187 r.
272 4140 295 4181 1·
1034 4125 1055 4195 6
