2888 4748
243 363 284 430 72
530 335 569 402 C.
593 334 744 403 cntsrl
769 332 1014 400 sannusntt

235 485 438 559 nebifiuten
460 487 664 569 antevenire,
686 484 796 552 furtin
824 497 857 548 et
879 507 937 574 pen
966 483 1158 549 latrocinia¹
1181 479 1313 575 potins,

177 584 186 650 Ῐ
237 619 337 684 quam
359 594 453 660 bonis
476 595 619 675 artibus,
642 592 683 659 ad
705 590 837 681 imperia
856 607 889 659 et
902 592 1040 657 honores
1055 591 1211 657 nituntur.
1227 593 1308 657 Pro-

234 702 311 767 inde
335 704 428 793 quasi
449 717 601 793 praetura
624 716 656 767 et
679 699 881 780 consulatus,
895 694 1003 789 'atque
1027 700 1091 764 alia
1114 701 1223 764 omnia
1245 698 1308 764 bu-

234 810 414 893 juscemodi
435 833 496 903 per
518 833 553 876 sc
575 810 646 900 ipsa
668 810 753 875 clara
773 822 805 871 et
824 805 995 896 magnifica
1009 808 1094 888 sint,
1108 831 1147 872 ac
1169 830 1236 871 non
1251 828 1307 896 pe·

231 916 325 983 rinde
348 917 547 999 habeantur,
570 932 754 994 uteorum,
777 913 836 1003 qui
858 937 896 979 ea
918 915 1098 995 sustinent,
1119 914 1224 982 virtus
1248 929 1305 979 est.

229 1022 358 1093 venun
380 1049 440 1117 ego
463 1024 596 1091 liberius
623 1021 784 1111 altiusque
806 1018 968 1111 processi,
989 1023 1068 1087 dum
1090 1046 1142 1086 me
1165 1021 1307 1089 civitatis

231 1152 362 1199 morum
393 1133 482 1224 piget
513 1132 698 1218 taedetqu03
721 1152 810 1193 nunc
833 1128 875 1193 ad
897 1129 1064 1221 inceptum
1086 1129 1191 1195 redeo.

276 1241 319 1308 V.
343 1240 472 1306 Bellum
486 1242 662 1331 scripturus
678 1259 770 1316 sum,
785 1236 873 1326 quod
888 1238 1030 1327 populus
1046 1239 1214 1329 Romanus
1229 1256 1304 1301 cum

228 1344 394 1438 Jugurtba
409 1372 483 1438 rege
500 1344 735 1413 Numidarum·
751 1345 868 1434 gessit:
884 1345 1043 1434 primum,
1059 1345 1137 1434 quia
1151 1366 1306 1433 magnum

229 1468 263 1521 et
286 1470 393 1538 atrox,
414 1458 565 1544 uariaque
587 1453 721 1519 victoria
744 1451 826 1516 snit:
848 1451 943 1532 dein,
967 1453 1044 1540 quia
1067 1467 1137 1517 turn
1160 1453 1304 1543 primum

230 1564 401 1654 superbiae
416 1560 589 1629 nobilitatis
606 1559 734 1624 obviam
749 1559 831 1623 itum
846 1573 895 1624 cst
909 1561 937 1639 ³,
954 1583 1037 1648 quac
1052 1561 1215 1630 contentio
1229 1559 1303 1624 “di-

228 1669 305 1740 vina
328 1685 361 1737 et
383 1671 522 1737 bumana
544 1681 661 1734 cuncta
683 1667 890 1757 permiscuit:
907 1690 1010 1756 coque
1024 1669 1213 1734 vaecordiae
1228 1690 1303 1756 pro·

226 1777 343 1860 cessit,
365 1793 402 1844 ut
426 1775 537 1844 studiis
560 1774 711 1841 civilibus
734 1774 881 1840 bellum⁵
913 1790 1010 1864 atque
1033 1777 1165 1843 vastitas
1187 1775 1304 1839 ltaliae

227 1882 326 1951 finem
349 1884 472 1951 faceret
500 1883 565 1949 Sed
579 1883 671 1973 prius
687 1905 784 1974 quam
798 1881 1024 1966 hujuscemodi
1039 1884 1087 1948 rei
1102 1883 1234 1948 initium
1250 1906 1302 1947 ex·

226 1991 335 2082 podio,
350 2016 453 2082 pauca
468 2014 566 2081 supra
581 2004 742 2080 repetam
758 2013 835 2079 quo,
851 1989 892 2055 ad
907 1991 1178 2080 cognoscendum,
1193 1991 1302 2055 omnia

228 2098 377 2164 inlustria
400 2100 501 2188 magis
531 2098 698 2186 magisque
720 2097 755 2161 in
776 2112 887 2187 aperto
911 2099 983 2162 sint
1001 2098 1091 2162 Bello
1110 2099 1233 2189 punico
1255 2121 1302 2164 se·

225 2196 333 2273 cundo
347 2205 377 2288 ⁶,
398 2230 464 2297 quo
492 2205 558 2271 dur
575 2203 891 2293 Carthaginiensium
915 2204 1077 2269 Hannibal
1091 2202 1122 2286 ⁷,
1145 2220 1220 2295 post
1235 2229 1303 2270 nna-

224 2312 428 2404 gnitudinem
451 2311 591 2379 nominis
614 2311 772 2391 Romani,
795 2309 908 2375 ltaliae
932 2335 1008 2401 opes
1032 2336 1181 2378 maxume
1206 2313 1302 2378 adtri-

226 2435 336 2499 verat3
360 2420 531 2488 Masinissa
545 2420 575 2503 ⁸,
589 2442 645 2484 rex
660 2418 892 2499 Numidarum,
908 2419 941 2482 in
958 2421 1132 2485 amicitiam
1152 2433 1301 2509 receptus

227 2525 307 2592 21³.
332 2526 505 2625 Scipione,
526 2527 581 2604 cui
603 2539 716 2619 postea
739 2524 894 2593 Africano
918 2548 1096 2617 cognomen
1120 2551 1159 2594 ex
1182 2527 1303 2596 virtute

247 2744 339 2801 nNon
350 2744 487 2804 virtutem
498 2744 679 2813 ostentando,
692 2745 743 2802 sed
780 2748 910 2836 pererit,
927 2746 1017 2824 Alpes
1035 2748 1153 2825 pervias
1180 2745 1247 2814 fecit
1273 2756 1303 2801 et

223 2820 359 2896 suffragia
369 2819 570 2896 largitionibus
587 2821 742 2898 captando,
780 2846 811 2879 m
829 2823 942 2880 Italiam
963 2824 1050 2881 venit.
1068 2824 1205 2881 Romanis
1222 2820 1302 2898 apud

223 2895 270 2956 vel
312 2916 342 2952 er
362 2896 421 2957 vim
440 2897 649 2971 extorquendo.
782 2900 928 2969 Trebiam,
949 2900 986 2955 ad
1005 2900 1238 2977 Thrasymenum
1256 2896 1299 2953 la-

243 2991 260 3029 n
308 2971 415 3028 umidis
429 2970 547 3028 Africae
573 2973 653 3047 regio
680 2985 740 3042 est,
779 2995 846 3032 cum
865 2990 894 3033 ct
914 2976 992 3052 apud
1002 2974 1303 3051 Cannasprodigatis,

223 3069 312 3125 quam
331 3047 417 3106 hodie
436 3048 617 3104 barbariem
636 3061 742 3119 vocant
780 3065 871 3108 castra
891 3073 984 3128 prope
995 3053 1117 3108 Romam
1166 3051 1250 3106 osuit.
1273 3050 1300 3105 Α

223 3144 293 3183 cum
302 3146 345 3195 ea,
358 3146 432 3202 quae
441 3124 618 3202 Bildugerid
628 3123 741 3182 dicitur.
780 3126 916 3183 Marcello
928 3129 1021 3186 victus
1033 3139 1075 3184 est
1086 3071 1166 3202 apud
1176 3125 1296 3182 Nolam:

242 3198 262 3256 5
283 3202 337 3257 Per
357 3201 481 3278 plebem.
782 3203 849 3259 inde
869 3204 899 3258 in
919 3205 1043 3260 Africam
1064 3215 1217 3260 revocatus
1234 3214 1301 3278 post

243 3275 263 3344 4
282 3277 362 3333 Inter
381 3277 498 3353 plebem
517 3290 545 3334 ct
556 3275 743 3334 nobilitatem.
783 3279 888 3335 multas
908 3299 1025 3336 suorum
1045 3279 1140 3336 clades
1152 3292 1228 3335 terra
1241 3299 1302 3333 ma-

245 3349 262 3409 5
283 3352 408 3408 Marium
419 3353 493 3409 inter
505 3365 533 3409 et
545 3353 664 3422 Sullam,
676 3353 745 3411 huic
783 3357 876 3430 rique,
887 3355 991 3412 hausto
1001 3376 1124 3424 veneno,
1137 3354 1192 3412 sibi
1203 3371 1303 3412 necem

181 3442 187 3450 ·
222 3427 338 3486 favente
358 3427 519 3496 nobilitate,
539 3428 580 3483 illi
599 3428 692 3504 plebs.
780 3432 929 3489 conscivit.
1326 3487 1328 3492 ,

241 3506 261 3561 6
282 3505 341 3561 Ter
359 3504 482 3560 Romani
503 3524 570 3561 cum
590 3504 743 3581 Carthagi·
802 3512 817 3564 8
839 3509 986 3564 Masinissa
1009 3505 1102 3565 Galae
1122 3504 1298 3564 Masaesulo·

221 3581 371 3639 niensibus
383 3578 493 3637 bellum
509 3593 665 3656 gesserunt.
680 3582 742 3638 Hoc
781 3604 846 3638 num
866 3604 897 3640 re
920 3585 941 3640 's
954 3584 1039 3653 filius,
1060 3605 1127 3642 cum
1147 3582 1301 3640 sCartha·

215 3657 361 3726 secundo,
373 3657 535 3712 Poenorum
547 3654 619 3712 duce
632 3657 741 3712 Hanni·
781 3604 957 3734 giniensibus
989 3661 1092 3718 missus
1128 3661 1229 3718 fuisset
1264 3657 1304 3711 ad

225 3731 301 3800 bale,
322 3733 473 3810 profligata
490 3746 519 3788 et
530 3731 743 3809 propemodum
781 3735 1002 3811 depopulandos
1022 3737 1179 3814 Hispaniae
1198 3751 1300 3811 agros,

224 3807 338 3885 perdita
360 3811 413 3864 lunt
433 3808 629 3864 rcsRomana.
781 3811 855 3867 clam
876 3812 912 3867 ad
932 3813 1096 3888 Scipionem
1117 3833 1149 3868 se
1167 3806 1299 3874 contulit,

245 3902 261 3958 7
283 3883 433 3940 Amilcaris
453 3883 548 3953 filius,
575 3883 744 3959 quodiam
782 3887 819 3942 ab
840 3908 932 3965 eoque
950 3890 981 3945 in
999 3889 1152 3945 amicitiam
1167 3897 1304 3962 receptus

226 3957 364 4014 advorsus
384 3959 531 4017 Romanos
549 3963 746 4035 antearasju-
785 3977 835 4023 est.
1186 3982 1191 3988 ·

226 4033 746 4105 roverat‚GallosadRhodanumsu·
