2888 4748
245 333 310 404 1⁸6
535 333 572 400 G.
599 334 749 402 GRISPI
773 332 1013 404 SALLUSTII

240 507 315 562 sus,
338 482 514 571 consulque
538 506 613 548 cum
634 483 752 547 Crasso
773 497 918 563 creatus,
941 481 1130 549 tribuniciae
1153 480 1308 574 potestati

240 590 371 678 antiqua
386 592 457 672 jura
472 604 503 654 et
516 590 683 679 pristinam
705 589 943 671 auctoritatem,
962 591 1083 680 populo
1105 592 1300 681 plaudente,

241 710 355 762 senatu
369 695 500 784 indigne
515 693 655 774 ferente,
670 694 816 761 restituit
1245 725 1248 731 ·

288 804 373 868 Cum
382 802 587 892 Hispaniensi
599 801 719 867 &hum
734 825 861 892 quoqne
872 801 994 871 Servile
1009 804 1160 886 concidit,
1174 805 1304 872 mortun

245 911 411 1000 Spartaco,
423 908 479 996 qui
495 923 623 975 centum
637 923 669 974 et
683 908 801 998 viginti
810 909 952 976 millibus
968 934 1131 978 servorum
1149 913 1303 1002 stipatas,

241 1017 381 1085 triennio
394 1015 520 1081 Italiam
534 1022 710 1097 vexaverat,
725 1017 769 1082 de
779 1017 912 1107 ipsaque
926 1018 1005 1082 urbe
1020 1018 1196 1084 invadenda
1216 1020 1304 1108 c'ogi-

241 1124 336 1192 tabat
360 1123 455 1190 Unus
470 1124 578 1212 itaque
602 1123 801 1189 Mithridates
816 1124 912 1188 Ponti
933 1147 1006 1203 rex,
1030 1139 1178 1190 suenum
1198 1126 1303 1208 hello,

242 1231 330 1297 ferox
346 1227 533 1320 summoque
548 1233 582 1296 in
598 1231 761 1297 Romanos
775 1231 848 1296 odio
863 1231 1025 1311 incitatus,
1040 1233 1183 1297 nondum
1198 1233 1305 1298 abar-

241 1323 305 1406 mie
318 1338 516 1420 diicedebat,
531 1340 587 1428 qui
602 1338 679 1405 licet
692 1361 786 1428 saepe
808 1337 970 1418 devictus,
993 1339 1176 1405 occasiones
1198 1355 1306 1407 tamen

128 1490 133 1500 ·
242 1446 417 1514 renovandi
430 1445 507 1510 belli
522 1446 632 1511 sedulo
655 1445 836 1535 arripiebat.
861 1444 926 1510 Sed
942 1445 1135 1512 Mithridatis
1157 1445 1240 1512 sacta
1255 1447 1302 1512 al-

243 1556 309 1621 tius
323 1558 465 1642 repetere
480 1553 613 1636 ju'vabit
740 1555 743 1559 ’
872 1554 875 1559 ’
1078 1574 1083 1579 ·
1221 1553 1248 1581 ”

286 1662 353 1728 Vix
367 1661 421 1724 ille
436 1660 568 1724 militiae
582 1682 641 1749 per
655 1663 788 1724 aetatem
810 1672 903 1749 aptus
918 1658 1043 1725 bellum
1063 1659 1207 1726 finitimis
1230 1684 1307 1752 gen·
1412 1674 1417 1683 '

242 1767 329 1834 tilius
343 1766 473 1845 intulit3
488 1767 605 1856 quibus
620 1767 752 1834 devictis
775 1790 812 1832 ac
828 1766 989 1848 subactis,
1004 1768 1252 1834 Ariobarzanem
1275 1781 1309 1835 et

243 1873 462 1955 Nicomedem,
476 1872 651 1939 foederatos
666 1874 786 1964 populi
796 1874 949 1955 Romani,
964 1875 1056 1940 illum
1073 1876 1309 1965 Cappadociae,
1324 1892 1327 1897 ’

244 1981 342 2048 istum
357 1980 526 2070 Bithyniae
541 2003 638 2070 regno
654 1982 783 2070 expulit
800 1983 877 2047 Mox
892 1980 992 2048 armis
1004 1983 1039 2046 in
1054 1981 1216 2048 Romanos
1231 1993 1312 2049 con··

212 2089 216 2096 ’
245 2089 345 2158 versis
367 2103 398 2154 et
420 2088 565 2155 citeriore
585 2089 664 2156 Asia
679 2088 828 2156 univorsa
847 2091 988 2180 potitus,
1011 2112 1077 2155 uno
1092 2089 1307 2172 edicto,'‘uno

245 2197 312 2278 die,
328 2218 436 2261 omnes
452 2197 557 2284 quiin
573 2199 642 2280 ejus
657 2196 791 2285 imperio
807 2197 979 2284 degebant,
1002 2196 1042 2261 ad
1060 2197 1192 2262 *centum
1205 2196 1308 2264 millia

245 2302 559 2371 Romanae'civitatis
567 2303 712 2367 homines
720 2300 856 2367 interfici
866 2303 967 2386 jussit
977 2303 1103 2368 Deinde
1113 2303 1309 2370 Archelaum

245 2410 380 2492 ducem,
410 2411 466 2500 qui
497 2409 666 2476 Graeciam
695 2398 874 2498 subigeret,
894 2432 969 2474 cum
998 2410 1187 2476 innumeris
1201 2412 1309 2503 copiis

245 2520 348 2601 misit,
376 2519 510 2608 ipsemet
538 2540 612 2582 mox
641 2517 731 2582 illinc
759 2517 795 2580 in
825 2516 951 2582 ltaliam
981 2519 1180 2583 transiturus.
1205 2518 1310 2604 ¹Sulla

167 2642 169 2647 '
246 2649 322 2691 cum
359 2625 512 2690 Romanis
548 2624 729 2715 legionibus
759 2624 906 2690 occurrit·
922 2623 1101 2704 Archelao,
1130 2626 1205 2714 quo
1224 2624 1311 2692 binis

245 2732 334 2821 apud
365 2732 584 2798 Choeroneam
613 2747 645 2798 et
667 2731 893 2798 Orchomenon
915 2731 1033 2829 pugnis
1055 2731 1147 2811 fuso,
1175 2755 1194 2795 a
1223 2733 1310 2821 regia

246 2839 344 2904 armis
372 2839 538 2905 liberatam
568 2840 754 2919 Graeciam,
776 2861 891 2929 magna
913 2861 987 2905 cum
1016 2837 1147 2918 laude,
1163 2839 1311 2906 Romano

245 2943 380 3036 imperio
396 2946 540 3031 subjecit
559 2946 766 3037 Cum'p'ostea
780 2946 881 3036 prope
896 2945 1084 3027 Dardanum
1094 2941 1185 3010 Sulla
1201 2959 1232 3011 et
1248 2947 1312 3010 Mi·

144 3067 146 3071 ’
245 3051 399 3119 thridates
414 3054 447 3118 in
464 3054 661 3142 colloquium
675 3053 854 3133 venissent,
877 3052 929 3118 his
943 3053 1182 3120 conditionibus
1197 3054 1312 3142 pacem

245 3162 451 3251 pepigerunt:
467 3161 515 3227 uti
531 3160 627 3225 Ponti
642 3183 775 3248 regnum
789 3182 901 3226 rursus
916 3160 1000 3224 intra
1014 3161 1137 3250 priscos
1152 3158 1232 3225 fines
1248 3156 1310 3224 cir·

247 3270 477 3358 cumscriptum
491 3282 650 3334 maneret:
666 3266 797 3332 bellicas
812 3287 908 3333 naves
924 3268 1139 3356 septuaginta,
1154 3250 1311 3333 lalentum
1365 3327 1371 3335 .

248 3374 312 3439 duo
329 3376 429 3440 millia
445 3376 646 3441 Mithridates
661 3373 815 3440 Romanis
831 3373 976 3438 traderet.
1035 3388 1037 3395 '

293 3481 358 3547 Sed
372 3498 531 3550 conventu
546 3483 608 3548 hoc
623 3483 705 3573 ipso,
714 3481 797 3570 regis
813 3481 939 3546 animus
947 3481 1150 3549 vehementer
1165 3479 1313 3548 offensui

247 3603 308 3670 est,
324 3612 397 3682 cum
414 3591 454 3655 ob
470 3590 605 3654 nimium
623 3589 732 3655 Sullae
746 3585 882 3669 fastum,
905 3602 974 3655 tum
999 3587 1047 3653 oh'
1062 3590 1259 3678 conceptam⁴
1272 3589 1314 3654 de

247 3695 408 3761 Archelao
424 3697 626 3786 opinionem,
649 3720 667 3761 a
689 3721 754 3786 quo
778 3719 812 3762 se
834 3709 866 3762 et
889 3694 923 3760 in
946 3695 1213 3777 administrando,
1232 3709 1264 3760 et
1278 3694 1330 3758 iri'

245 3802 468 3892 componendo
498 3803 582 3868 hello
612 3803 776 3893 proditum
806 3803 1003 3872 existimavit.
1029 3804 1127 3892 Regis
1158 3801 1315 3891 suspicio·

246 3931 320 3972 nem
336 3908 535 3976 confirmavit
550 3926 693 3977 eventus:
704 3909 882 3978 Archelaus
897 3912 983 3977 enim
997 3910 1106 4000 paullo
1122 3923 1195 3998 post
1210 3924 1315 3974 trans·

244 4013 329 4104 fugit
350 4016 391 4085 ad
414 4018 557 4102 Sullam,
580 4042 599 4084 a
622 4042 687 4110 quo
708 4018 845 4111 henigne
864 4031 1034 4112 exceptus,
1056 4016 1177 4090 divitiis
1196 4029 1311 4084 auctus
