2888 4748
185 320 249 383 288
580 315 803 382 EPISTULA
827 316 860 381 11

184 469 236 548 jus
273 463 440 554 multoque
472 464 615 553 asperius
646 478 713 545 est,
751 465 844 530 bonis
873 465 962 554 pacis
993 465 1122 530 artibus.
1155 465 1244 553 Ergo

155 563 159 570 ’
186 595 296 636 omnes
319 594 432 660 magna
454 570 668 659 mediocrique
692 572 845 661 sapientia
867 595 917 651 ros
940 572 1005 638 huc
1028 586 1135 651 vocat,
1159 593 1243 660 quas

186 679 323 767 quisque
345 677 464 767 optima
487 691 608 768 potest,
624 692 659 742 ut
672 678 764 743 dicat
782 677 832 742 Ac
847 678 925 761 mibi
941 678 988 743 sic
1001 678 1144 745 videtur:
1163 701 1244 765 qua·

186 784 348 874 licumque
370 783 464 849 modo
487 799 522 849 tu
544 784 710 852 victoriam
732 784 967 873 composueris,
989 784 1034 848 ita
1058 784 1120 846 alia
1137 782 1245 847 omnia

188 890 305 955 futura.
333 889 397 955 Sed
419 893 500 973 jam,
525 912 589 980 quo
612 891 727 956 melius
749 889 939 981 faciliusque
961 888 1247 978 constituos,pau-

189 996 254 1078 cis,
277 1020 359 1086 quae
381 1021 433 1063 mc
456 998 581 1062 animus
605 1012 731 1079 monet,
754 998 871 1087 accipe.

239 1103 299 1167 111.
325 1105 450 1172 Bellum
471 1104 529 1168 tibi
552 1104 630 1186 suit,
654 1104 843 1194 imperator,
866 1125 940 1168 cum
956 1102 1091 1172 ,homine
1114 1103 1199 1168 claro
1215 1106 1248 1182 ¹,

189 1211 310 1299 magnis
335 1212 466 1301 opidus,
493 1211 586 1279 avido
614 1211 793 1302 potentiae,
823 1213 943 1294 majore
973 1209 1123 1288 fortuna,
1148 1193 1252 1298 quam*

191 1315 363 1406 sapientia3
387 1341 482 1408 quem
504 1318 605 1384 secuti
627 1333 702 1384 sunt
728 1318 839 1408 pauci,
866 1339 924 1407 per
951 1338 1040 1381 suam
1063 1316 1247 1400 injuriam·

193 1422 253 1488 tibi
274 1424 416 1504 inimici;
438 1427 515 1491 item
538 1449 617 1517 quos
640 1423 787 1496 adfinitas
806 1438 862 1489 aut
883 1424 949 1488 alia.
968 1422 1167 1489 necessitudo
1186 1437 1251 1486 tre-

192 1532 247 1601 xit
272 1532 358 1596 Nam·
376 1534 534 1622 particeps
548 1530 771 1600 dominationis
792 1553 894 1619 neque
913 1530 978 1596 fuit·
991 1531 1179 1620 quisquam
1193 1552 1250 1593 ne·

193 1660 277 1726 que,
300 1640 327 1702 si
349 1639 417 1727 pati
439 1639 613 1727 potuisset,
635 1638 722 1704 orbis
736 1652 891 1703 terrarum
904 1638 988 1702 bollo
1008 1651 1182 1703 concussus
1201 1635 1250 1701 fo·

191 1759 248 1808 ret
274 1744 386 1810 Cetera
409 1744 579 1810 multitudo
601 1746 822 1835 vulgismore
844 1744 964 1834 magis,
987 1766 1083 1834 quam
1106 1739 1252 1827 judicio,⁴

191 1851 367 1941 poetelius
390 1851 505 1933 alium,
533 1851 626 1942 quasi
652 1850 908 1942 prudentiorem,
939 1853 1050 1916 secuti.
1074 1852 1138 1915 Per
1159 1850 1248 1914 idem

191 1972 324 2048 tempus·
339 1959 513 2024 matedictis
541 1959 727 2048 iniquorum
753 1958 955 2047 occupandae
978 1957 1188 2048 Reipublicae
1212 1957 1248 2020 in

195 2089 285 2154 spem
307 2065 436 2132 adducti
456 2064 600 2131 homines
635 2115 644 2146 ,
667 2065 784 2154 quibus
800 2065 909 2129 omnia·
924 2065 1041 2154 probro
1063 2084 1102 2131 ac
1122 2063 1251 2128 luxuria

194 2173 318 2261 polluta
339 2186 446 2252 erant,
467 2195 657 2237 concurrere
678 2174 713 2236 in
732 2185 834 2236 castra
849 2185 923 2236 tua:
939 2186 970 2237 et
985 2185 1091 2261 aperte
1107 2169 1251 2259 quietis⁴

194 2294 346 2360 mortem,
368 2279 514 2369 rapinas,
540 2293 698 2368 postremo
727 2278 855 2359 omnia,
882 2301 966 2367 quae
988 2291 1158 2370 corruptus
1181 2275 1249 2342 ani·

197 2409 268 2451 mus
291 2386 438 2470 jubebat,
461 2386 610 2452 minitari
758 2436 763 2444 .

215 2552 220 2561 .
243 2494 301 2560 lv.
325 2495 375 2558 Ex
396 2493 469 2582 quis
491 2516 605 2582 magna
626 2515 719 2583 pars,
741 2491 804 2557 ubi'
826 2512 932 2582 neque
959 2489 1114 2562 creditum
1136 2490 1254 2564 condo·

198 2622 294 2681 aare,
316 2623 421 2690 neque
442 2615 474 2665 te
496 2600 639 2680 civibus,
661 2600 756 2664 sicuti
777 2597 942 2680 hostibus,
956 2600 1005 2665 uti
1017 2599 1137 2679 vident,
1152 2597 1259 2663 defin-

199 2731 292 2773 xere:
315 2709 410 2796 pauci
432 2707 592 2786 restitere,
621 2707 738 2795 quibus
766 2709 871 2790 majus
901 2705 1002 2774 otium
1030 2707 1065 2771 in
1095 2704 1207 2773 castris
1224 2711 1255 2785 ⁵,

181 2837 296 2903 'quam
316 2815 455 2897 Romae,
476 2814 622 2882 futurum
644 2828 729 2880 erat:
753 2828 840 2885 tantu
862 2814 911 2882 ris
927 2811 1118 2881 creditorum
1141 2814 1255 2903 inpen-

222 3033 233 3067 1
257 3012 401 3088 Pompeio
764 3030 797 3068 us
806 3009 1034 3088 sparseruntllle
1042 3009 1257 3087 rerumpotitus

199 3087 348 3144 'sildesm
362 3089 433 3144 Non
443 3086 527 3164 quod
541 3096 572 3142 tu
592 3105 643 3143 eos
662 3086 708 3160 sff-
745 3028 1258 3157 decrevitmtdebitoresoreditoribus

191 3164 362 3238 sendisses,
380 3161 435 3220 sed
450 3163 532 3240 quod
552 3166 609 3238 ipsi
627 3165 667 3233 inl
680 3171 709 3218 te
747 3162 937 3219 satisfacerent
957 3180 1010 3239 per
1031 3162 1260 3219 aestimationem

201 3241 399 3316 deliquerant,
411 3249 439 3294 te
449 3248 656 3314 suspectantes.
666 3238 710 3293 Ex
746 3239 956 3314 possessionum
967 3277 983 3306 ‚·
1002 3238 1103 3312 quanti
1130 3236 1260 3313 singulas

201 3314 258 3372 hoc
274 3336 395 3371 numero
411 3315 527 3370 suerunt
542 3312 708 3381 Marcellus,
747 3312 928 3371 antebellum
935 3311 1025 3371 Civile
1035 3325 1260 3391 comparassent.

195 3391 361 3458 'Domitius‚
372 3389 502 3446 Metellus
514 3389 559 3446 Sci
580 3390 623 3458 io,
637 3390 711 3446 Cato
748 3389 870 3447 deducta
891 3407 1001 3446 summa
1018 3389 1090 3446 aeris
1109 3387 1211 3457 alieni,
1233 3386 1260 3446 si

202 3481 232 3524 et
243 3467 354 3523 Cicero.
366 3466 421 3523 Hic
431 3465 529 3522 scribit
540 3411 712 3523 ad'dtticum
748 3465 933 3541 quidusurae
944 3464 1059 3521 nomine
1075 3475 1262 3520 numeratum

178 3592 181 3597 .
203 3542 252 3599 lib.
265 3562 293 3617 9,
303 3539 349 3618 ep.
363 3560 398 3596 22
410 3574 448 3584 -
458 3543 522 3597 Nec
530 3552 654 3615 praeter
664 3561 711 3615 me
748 3541 995 3620 autperscripturn
1004 3539 1113 3602 suisset·
1121 3560 1179 3615 qun
1189 3558 1261 3595 cou-

225 3624 361 3696 uisquam
373 3614 467 3673 Italia
477 3620 580 3680 cessit,
592 3621 651 3672 nisi
661 3620 714 3692 qui
750 3617 856 3676 ditione
873 3628 975 3694 quarta
994 3634 1062 3692 pars
1080 3614 1138 3671 sere
1159 3610 1268 3683 crediti

202 3639 281 3750 dunc
294 3695 303 3764 [
315 3694 486 3766 Caesarem]
499 3694 646 3747 inimicum
655 3692 715 3746 sibi
751 3692 905 3771 deperibat.
917 3715 955 3738 -·-
966 3694 1043 3748 Svct.
1056 3695 1086 3746 in
1095 3691 1157 3747 tut.
1172 3691 1261 3748 Caes.

200 3779 333 3846 putaret.
397 3811 401 3817 .
440 3816 446 3839 .=
750 3787 816 3844 cap.
829 3769 873 3840 42.
1103 3815 1106 3819 .

222 3844 240 3900 3
261 3847 412 3901 Caesarem
423 3852 525 3918 nempe
536 3840 711 3900 tabulasno-
768 3843 788 3914 4
806 3847 890 3901 Nulli
898 3848 982 3920 parti
992 3841 1127 3900 addictis.

199 3927 254 3977 ‘sas
276 3932 304 3975 et
328 3919 566 3995 proscriptionem
584 3916 711 3994 locuple·
770 3918 787 3976 5
808 3920 879 3976 Nam
892 3920 1043 3976 creditores
1055 3930 1083 3975 et
1099 3919 1272 3984 soenoruto-x

180 3982 714 4073 'tiumpropositurumsiniquiinsob
750 4014 856 4057 roseos
867 3993 1138 4056 Rousevexabant
