2888 4748
234 368 278 447 ai
521 368 558 433 C.
583 364 734 432 CRISPI
758 360 1004 432 SALLUSTH

229 517 324 584 candi
347 512 380 583 in
403 541 556 610 praesens
579 518 687 584 minus
710 517 922 607 subpetebat3
951 510 1163 580 nihilominus
1191 515 1301 582 inson³

229 639 298 706 tes,
322 626 416 691 sicuti
440 642 574 705 sontes,
603 625 862 704 circumvenire,
890 623 1045 711 jugulare.
1078 623 1229 703 Scilicet,
1258 648 1302 688 ne

227 755 287 822 per
308 733 410 798 otium
439 748 657 822 torpescerent
684 755 798 797 manus
826 746 882 797 aut
904 732 1049 810 animus,
1075 731 1217 818 gratuito
1242 755 1300 821 po·

225 839 291 904 tius
314 840 418 906 malus
440 853 537 929 atque
560 840 699 905 crudelis
722 855 797 904 erat
823 839 883 903 His
906 840 1017 903 amicis
1040 839 1201 927 sociisque
1223 861 1301 903 con-

225 942 305 1012 fisus
331 946 495 1027 Catilina,
525 946 622 1012 simul
652 947 740 1037 quod
768 970 821 1011 aes
851 946 992 1010 alienum
1018 969 1077 1036 per
1106 946 1210 1011 omnis
1238 961 1300 1010 ter-

224 1074 278 1118 ras
316 1052 429 1143 ingens
468 1069 536 1119 erat
560 1081 568 1118 ε
593 1069 650 1135 et,
680 1054 769 1144 quod
806 1053 953 1143 plerique
991 1053 1118 1117 Sullani
1156 1054 1300 1134 milites,

224 1159 345 1249 largius
369 1186 428 1226 ano
450 1162 520 1244 usi,
550 1163 737 1252 rapinarum
768 1175 801 1225 et
828 1161 981 1227 victoriae
1008 1163 1124 1227 veteris
1148 1164 1157 1188 ¹
1180 1185 1298 1227 memo-

223 1289 294 1348 res,
317 1268 411 1333 civile
434 1269 555 1334 bellum
578 1269 796 1360 exoptabant3
831 1268 1064 1358 obprimundac
1087 1269 1300 1360 Reipublicae

223 1375 395 1442 eonsilium
418 1376 532 1466 coepit
557 1377 596 1440 ln
621 1377 715 1441 ltalia
738 1377 847 1441 nullus
871 1377 1056 1441 exercitus:
1080 1376 1139 1440 Cn.
1162 1378 1299 1470 Pompe-

221 1487 275 1569 jus
298 1483 332 1547 in
355 1484 502 1549 extremis
525 1485 618 1549 terris
642 1484 652 1508 ¹
673 1485 795 1549 bellum
817 1484 976 1573 gerebat:
1006 1485 1069 1574 ipsi
1093 1487 1299 1552 consulatum

221 1591 358 1680 petundi
388 1614 503 1681 magna
533 1615 606 1682 spes
634 1618 641 1655 ε
672 1607 800 1656 senatus
828 1590 910 1657 nibil
939 1614 1016 1656 sane
1043 1593 1218 1658 intentus:
1248 1609 1300 1660 tu·

221 1710 274 1763 tae
303 1700 558 1788 tranquillaeque
581 1723 632 1766 res
656 1722 788 1778 omnes3
811 1698 867 1765 sed
894 1722 931 1763 ea
958 1723 1092 1789 prorsus
1116 1701 1299 1792 obportuna

225 1805 394 1872 Catilinae.

268 1914 382 1981 XVII.
408 1914 513 2004 Igitur
536 1915 664 1981 circiter
679 1914 751 1981 Kal
767 1915 886 1980 Junias
906 1917 943 1980 L.
962 1916 1118 1997 Caesare,
1142 1932 1174 1982 et
1190 1919 1226 1982 C.
1245 1920 1298 1984 Fi-

224 2023 302 2115 gulo
326 2019 433 2088 οοεε.3
455 2023 560 2114 primo
584 2024 729 2114 singulos
753 2024 932 2114 adpellare:
948 2023 1071 2089 hortari
1095 2025 1193 2107 alios,
1216 2027 1297 2093 alios

244 2256 255 2294 ι
279 2238 389 2297 Contra
411 2237 555 2294 Marianos
580 2239 736 2295 obtentam.
775 2236 907 2295 consules
919 2258 1025 2295 munus
1034 2239 1145 2295 inibant
1156 2239 1296 2310 Kattan,

241 2332 258 2372 2
279 2314 347 2372 Erat
373 2336 408 2373 eo
432 2326 562 2391 tempore
582 2316 737 2392 Pompeius
776 2328 863 2389 atquc
884 2315 998 2370 interim
1010 2315 1140 2371 consules
1151 2315 1295 2392 designati

222 2409 289 2447 eum
310 2392 475 2450 exercituin
486 2392 553 2448 Asia
571 2404 671 2447 contra
683 2392 737 2446 Mi·
777 2389 1006 2467 appellabantur.
1026 2391 1164 2447 Petitores
1184 2412 1294 2447 annum

219 2466 390 2534 thridatem,
411 2489 498 2544 quem
519 2487 694 2543 persequens
706 2469 736 2522 in
774 2479 839 2522 ante
849 2485 877 2522 se
885 2481 981 2542 petere
992 2465 1173 2522 consulatum
1180 2467 1294 2524 denun-

220 2541 335 2600 ultimas
355 2546 524 2621 ignotasque
537 2558 635 2620 gentes
647 2563 736 2620 pene·
775 2543 891 2598 ciabant
910 2562 1007 2598 coram
1028 2541 1164 2612 consule,
1184 2543 1236 2618 qui
1256 2543 1293 2600 de

221 2620 315 2676 travit.
775 2617 830 2675 hoc
843 2619 879 2674 ad
887 2619 1024 2674 Senatum
1037 2618 1242 2688 referebat,et,
1252 2620 1296 2676 vi·

240 2691 258 2749 3
279 2694 364 2750 Binas
382 2693 430 2751 hic
455 2697 667 2771 conjurationes
687 2696 737 2752 de·
776 2696 848 2770 giuti
860 2708 969 2770 septem
982 2693 1084 2751 diebus
1096 2708 1162 2752 ante
1179 2694 1296 2752 electio-

222 2769 321 2826 scribit
333 2768 499 2834 Sallustius:
513 2774 684 2829 anteriorem
696 2772 737 2827 le·
776 2791 858 2839 nem,
871 2769 950 2848 apud
962 2771 1161 2846 magistratum
1172 2775 1224 2847 qui
1243 2792 1294 2828 co-

219 2845 294 2902 viter
327 2847 460 2921 'ertingit,
480 2847 636 2905 veritusne
650 2849 736 2904 Cras·
775 2848 860 2902 mitiis
880 2859 1029 2922 praeerat,
1050 2846 1180 2923 profiteri
1206 2847 1295 2905 debe·

220 2939 301 2990 sum,
313 2866 466 2978 Caesarem
489 2943 648 2997 eorumque
670 2925 733 2980 fau·
771 2921 850 2980 bant.
866 2923 895 2977 Si
908 2923 974 2998 quis
985 2943 1055 2980 vero
1067 2944 1103 2978 ex
1119 2923 1294 2998 petitoribus

146 2999 148 3005 ’
218 3009 296 3054 tores
317 2997 487 3067 ollenderet;
508 2999 538 3054 in
557 3000 733 3075 posteriore,
772 3000 1292 3068 tumessetreus,ineorumnumero

217 3072 319 3129 eadem
331 3073 366 3130 de
378 3095 493 3145 caussa,
513 3074 599 3152 plura
620 3077 733 3143 reticet;
772 3075 914 3130 recenseri
926 3095 985 3130 non
997 3087 1118 3151 poterat.
1133 3074 1189 3130 Ubi
1203 3076 1293 3151 igitur

219 3148 309 3205 multa
329 3172 397 3207 vero
418 3153 485 3227 quia
506 3165 575 3208 tunc
596 3152 733 3228 temporis
773 3149 897 3206 Catilina
924 3149 1036 3206 consuli
1064 3150 1151 3206 Tullo
1175 3152 1295 3227 petitio-

220 3225 354 3283 omnibus
363 3228 623 3298 manifestaQuare
633 3242 665 3284 ut
675 3248 733 3283 me·
771 3247 837 3282 nem
850 3245 930 3282 suam
942 3226 1137 3293 denunciavit,
1150 3245 1186 3281 cx
1198 3227 1295 3285 Africa
1385 3240 1388 3245 '

217 3297 274 3356 lius
285 3303 423 3358 nonnulla
435 3303 522 3381 hujus
533 3305 679 3382 scriptoris
690 3303 734 3360 lo·
772 3304 894 3358 Romam
922 3303 1007 3379 legati
1032 3322 1138 3359 venere
1164 3322 1293 3378 conque-

218 3398 253 3436 ca
264 3376 474 3454 intelligantur,
494 3401 598 3456 operae
610 3381 736 3457 pretium
774 3392 850 3435 stum
880 3378 915 3434 de
944 3379 1075 3455 pecuniis
1095 3378 1293 3453 repetundis,

218 3453 289 3511 mihi
309 3452 424 3511 videtur
445 3455 587 3529 quaedam
612 3458 687 3513 facta
708 3468 736 3512 et
775 3454 845 3514 dum
865 3455 906 3510 ihi
925 3467 1093 3531 praeturam
1111 3467 1244 3529 gesserat.
1258 3455 1295 3512 Et

218 3550 314 3586 mores
326 3529 638 3607 explicare,Cicerone
649 3551 735 3608 prae·
776 3530 916 3588 Claudius
937 3529 1081 3597 Pulcher,
1109 3530 1159 3603 qui
1179 3531 1237 3602 jam
1258 3529 1296 3588 de

220 3609 318 3664 sertim
339 3607 420 3664 duce.
771 3607 882 3663 incestu
896 3604 1117 3663 curusaeerdote
1125 3604 1214 3659 Fabia
1228 3626 1296 3662 eum

258 3682 389 3739 Catilinav
399 3704 434 3740 ex
446 3682 540 3739 Africa
557 3682 670 3739 rediens
682 3705 733 3740 an·
773 3695 975 3750 accusaverat,
987 3702 1066 3737 nunc
1080 3680 1198 3756 quidem
1210 3701 1295 3757 repe·

219 3777 258 3814 no
270 3759 307 3814 ab
319 3759 391 3815 urbe
404 3758 517 3816 condita
529 3760 635 3836 687,L.
649 3760 735 3816 Tullo
774 3760 931 3816 tundarum
960 3759 1112 3815 accusavit.
1145 3757 1293 3827 Quoniam

120 3834 126 3847 '
218 3845 249 3889 et
268 3834 304 3888 M.
326 3835 435 3910 Lepido
448 3855 535 3903 coss,
555 3836 736 3892 consulatum
774 3836 861 3910 igitur
882 3836 918 3891 ab
938 3833 995 3891 hac
1015 3832 1197 3889 accusatione
1219 3832 1294 3889 infra

219 3907 250 3964 in
261 3911 426 3983 proximum
447 3931 555 3966 annum
575 3911 663 3986 petiit.
678 3912 736 3967 Co·
774 3910 915 3986 legitimos
926 3911 1072 3986 petitionis
1090 3907 1150 3963 dies
1171 3926 1201 3963 se
1220 3929 1295 3983 pur-

216 3983 298 4042 tttitia
312 3984 347 4041 de
359 3985 489 4042 creandis
506 3985 673 4043 consulibus
684 3987 736 4041 ha·
776 4007 842 4062 gare
863 4006 921 4042 non
942 3986 1052 4062 potuit,
1063 3983 1229 4060 prohibitus
1250 3997 1293 4040 est

218 4058 365 4119 bebantur
386 4062 456 4118 XIII
475 4062 734 4134 Kal.Novembris;
773 4075 871 4141 petere
900 4061 1096 4120 consulatum.
1126 4060 1196 4135 Ejus
1223 4059 1293 4117 anni
