2888 4748
404 328 595 396 BELLUM
621 327 975 397 catlmunulutr
1175 335 1217 403 33

192 479 306 551 XXV.
331 480 446 572 Igitur,
462 483 600 548 comitiis
616 487 625 511 ¹
640 480 775 564 habitis,
790 484 938 550 consules
954 483 1158 553 declarantur
1173 486 1218 552 M.

146 584 276 656 Tullius
308 604 339 656 et
369 590 405 654 G.
431 589 603 657 Antonius.
635 589 731 676 Quod
760 590 881 656 facturn
912 594 1016 681 primo
1047 596 1221 684 populares

144 697 378 781 conjurationis
394 713 608 765 concusserat.
625 698 738 788 Neque
753 712 860 763 tamen
878 699 1036 766 Catilinae
1055 700 1146 767 furor
1161 701 1220 768 mi-

146 805 327 884 nuebatur3
351 805 407 871 sed
422 806 456 872 in
472 806 540 871 dies
555 807 652 897 plura
667 807 805 896 agitare3
821 829 909 871 arma
924 832 982 897 per
997 807 1124 874 ltaliam
1139 809 1223 876 locis

144 914 339 1002 opportunis
364 932 497 1003 parare3
525 915 716 1003 pecuniam,
734 937 801 978 ,sua
834 930 890 979 aut
914 900 1090 981 anticorum
1113 915 1178 982 fide
1192 921 1223 999 ¹,

144 1033 286 1085 aumtam
310 1035 456 1084 mutuam
479 1017 659 1086 Faesulas³
682 1021 723 1085 ad
743 1021 903 1085 Manlium
927 1023 1124 1111 quemdam⁴
1148 1047 1222 1115 por·

70 1134 74 1139 '
146 1138 233 1208 tare,
258 1128 315 1216 qui
330 1143 442 1218 postea
456 1130 607 1219 princeps
631 1129 693 1193 fuit
708 1127 784 1192 belli
800 1128 952 1193 faciundi.
970 1131 1018 1194 Ea
1035 1144 1224 1220 tempestato

147 1234 305 1324 plurimos
330 1239 489 1325 cujusque
505 1236 630 1325 generis
646 1235 791 1299 homines
816 1235 989 1304 adscivisse
1006 1237 1068 1301 sibi
1088 1238 1227 1321 dicitur,

147 1343 298 1408 mulieres
315 1344 410 1408 etiam
426 1345 568 1433 aliquot,
584 1365 666 1432 quae
682 1341 787 1433 primo
803 1343 942 1431 ingentis
965 1359 1091 1410 sumtus
1112 1359 1229 1438 stupro

147 1451 292 1539 corporis
316 1453 547 1519 toleraverant:
571 1465 666 1541 post,
690 1449 747 1515 ubi
771 1464 856 1515 aetas
881 1451 1102 1517 tantummodo
1127 1476 1225 1542 quae·

147 1558 232 1637 atui,
256 1583 360 1649 neque
383 1559 530 1625 luxuriae
545 1558 677 1624 modum
700 1557 838 1639 fecerat,
862 1580 915 1623 ace
937 1558 1079 1625 alienum
1102 1560 1225 1651 grande

149 1663 389 1747 conflaverant3
412 1691 470 1758 per
491 1691 547 1733 eas
571 1691 605 1732 se
635 1665 775 1732 Catilina
799 1664 948 1731 credebat
975 1690 1070 1757 posse
1094 1667 1226 1735 servitia

149 1772 273 1838 urbana
288 1775 467 1858 solicitare,
483 1776 597 1840 urbem
611 1772 795 1855 incendere,
810 1773 897 1842 viros
913 1796 1024 1839 earum
1039 1774 1091 1843 rel
1108 1775 1223 1860 adjun-

148 1901 223 1969 gere
247 1882 327 1964 sibi,
350 1884 402 1950 vel
425 1881 614 1948 interficere.
719 1954 728 1964 ,

193 1990 324 2058 XXVI.
352 1991 417 2056 Sed
440 1991 474 2055 in
498 1989 549 2055 his
573 2005 641 2057 erat
662 1990 871 2083 Sempronia,
895 2017 978 2083 quae
1001 1992 1103 2059 multa
1127 2017 1224 2086 saepe

148 2094 252 2164 virilis
277 2097 430 2163 audaciae
454 2098 596 2163 facinora
620 2100 830 2166 commiserat.
855 2102 944 2166 Haec
967 2102 1085 2167 mulier
1108 2126 1226 2192 genere

147 2218 245 2293 atquc
268 2204 397 2287 forma,
421 2221 585 2296 praeterea
607 2208 678 2274 viro
708 2222 803 2298 atquc
826 2208 936 2275 liberis
960 2209 1037 2274 satis
1061 2207 1226 2274 fortunata

148 2309 230 2376 fuit:
254 2313 368 2380 litteris
394 2315 527 2381 Graecis
551 2328 583 2381 et
604 2315 730 2380 Latinis
752 2315 871 2392 docta3
893 2316 1030 2404 psallere
1054 2330 1086 2380 et
1110 2317 1227 2381 saltare

148 2419 344 2509 elegantius,
369 2446 466 2511 quam
490 2445 620 2487 necesse
644 2436 691 2486 est
714 2421 853 2510 probae:
876 2421 978 2485 multa
993 2421 1056 2485 alia
1080 2444 1163 2510 quae
1178 2422 1226 2486 iu·

147 2540 325 2594 strumenta
339 2529 486 2593 luxuriae
499 2543 591 2606 sunt3
608 2527 664 2593 sed
676 2525 705 2593 ei
722 2527 846 2592 cariora
860 2551 986 2618 semper
999 2527 1117 2608 omnia,
1130 2551 1228 2618 quam

149 2633 248 2700 decus
272 2651 368 2725 atque
392 2635 552 2726 pudicitia
565 2635 634 2700 fuit
653 2635 834 2716 Pecuniae,
854 2658 896 2701 an
913 2635 1139 2701 famaeminus
1154 2639 1226 2728 par-

148 2757 254 2824 ceret,
268 2742 357 2809 haud
371 2743 465 2809 facile
480 2743 677 2809 discerneres
690 2772 699 2821 3
714 2743 860 2809 lubidine
876 2742 923 2808 sic
938 2765 1092 2824 accensa,
1106 2757 1145 2809 ut
1160 2766 1228 2810 sae-

148 2851 223 2940 pius
247 2865 370 2940 peteret
392 2852 499 2932 viros,
523 2870 620 2940 quam
634 2865 804 2940 peteretur.
823 2850 888 2916 Sed
903 2874 956 2933 ea,
972 2873 1067 2941 saepe
1091 2850 1227 2917 antehac

148 2956 246 3024 fidem
268 2959 478 3050 prodiderat,
502 2958 661 3024 creditum
684 2959 887 3044 abjuraverat
907 2961 942 3040 ⁸,
965 2959 1072 3025 caedis
1096 2958 1226 3024 conscia

148 3064 272 3147 fuerat,
294 3068 423 3132 luxuria
447 3081 543 3156 atque
565 3064 677 3156 inopia
700 3089 854 3157 praeceps
878 3064 1008 3131 abierat.
1028 3065 1155 3132 Verum
1177 3065 1227 3130 in·

148 3174 280 3264 genium
301 3179 373 3258 ejus
397 3174 485 3239 haud
508 3174 703 3240 absurdum:
719 3198 814 3264 posse
836 3196 948 3240 versus
968 3173 1093 3250 facere3
1117 3175 1228 3256 jocum

149 3303 298 3359 movere3
322 3305 467 3346 sermone
491 3282 539 3347 uti
554 3284 605 3349 vel
620 3280 780 3361 modesto,
802 3281 855 3349 vel
878 3279 987 3361 molli,
1010 3278 1062 3348 vel
1085 3280 1224 3370 procaci.

150 3388 288 3454 Prorsus
312 3389 432 3453 multae
455 3389 606 3470 facetiae,
629 3389 815 3478 multusque
837 3387 1063 3478 leposflinerat.

161 3526 164 3531 ·
195 3496 346 3563 XXVII.
372 3496 431 3560 His
447 3496 543 3560 rebus
559 3497 770 3586 comparatis,
789 3495 929 3560 Catilina
949 3494 1052 3558 nihilo
1068 3494 1174 3558 minus
1189 3493 1225 3558 in

148 3625 343 3695 proxumum
358 3626 479 3668 annum
495 3604 697 3669 consulatum
712 3603 861 3694 petebat3
877 3624 1021 3693 sperans,
1037 3602 1064 3666 si
1080 3601 1224 3689 designa·
1250 3625 1252 3631 ’

174 3763 185 3798 1
210 3742 334 3798 Comitia
347 3751 508 3801 conventus
520 3750 602 3794 erant
612 3759 666 3814 po·
705 3738 914 3886 Apenninum,
936 3739 1018 3812 juxta
1040 3734 1224 3791 Florentiam.
1314 3746 1319 3762 ‘

151 3816 214 3894 puli
234 3819 264 3872 in
283 3817 347 3873 loro
368 3815 405 3871 ad
422 3813 666 3890 creandosrnagi-
763 3816 830 3870 Fuit
859 3815 911 3871 iste
938 3810 1063 3867 Manlius
1089 3821 1225 3869 strenuus

153 3904 258 3950 stratus
279 3905 307 3949 et
325 3891 403 3967 leges
422 3889 561 3948 ferendas.
707 3890 843 3947 Sullanus
864 3888 1002 3947 centurio.

172 3986 188 4022 2
208 3967 295 4037 idest,
316 3967 506 4044 fidejussione.
724 3965 742 4023 5
762 3967 835 4021 Rem
847 3964 984 4022 creditam
996 3976 1024 4021 et
1039 3963 1224 4021 commenda·

171 4043 338 4102 3Faesulae
350 4043 420 4104 urbs
435 4043 556 4102 Tusciae
567 4061 667 4107 versus
704 4054 763 4101 tam
783 4042 853 4111 sibi,
872 4039 1030 4119 pejerando
1050 4052 1214 4118 negaverat.

197 4163 225 4206 r.
240 4162 266 4202 ι,
1016 4135 1035 4200 3
