2888 4748
221 341 259 406 52
482 342 541 405 'G.
568 337 717 405 cnlsrl
742 329 988 404 SALLUSTII

215 488 348 555 tentiam
362 499 503 576 rogatus,
515 489 601 577 quod
617 512 654 553 eo
670 501 811 576 tempore
826 488 939 552 consul
954 487 1137 575 designatus
1152 500 1231 567 erat,
1246 487 1287 553 de

215 594 267 661 bis
283 597 339 684 qui
354 595 388 658 in
403 594 557 659 custodiis
580 595 787 674 tenebantur,
811 609 842 658 et
864 608 1026 684 praeterea
1042 593 1081 656 de
1097 595 1133 658 L.
1153 594 1284 674 Cassio,

215 703 252 767 P.
270 703 381 782 Furio,
398 703 433 766 P.
451 702 628 781 Umbreno,
646 703 683 785 Q.
700 700 821 781 Annio,
834 703 860 766 si
876 701 1066 790 deprehensi
1081 699 1198 780 forent,
1213 725 1287 791 sup·

215 810 364 901 plinium>
381 808 572 873 sumendum
603 808 811 874 decreverat:
843 810 935 896 isque
958 816 1092 897 postea,
1122 821 1287 897 permotus

216 916 404 983 orationeC.
417 915 718 1003 Caesaris,pedibus
734 915 768 978 in
784 917 973 978 sententiam
989 922 997 946 ¹
1014 915 1136 979 Tiberii
1151 914 1289 980 Neronis

215 1025 337 1091 iturum
354 1047 386 1087 se
402 1020 535 1097 dixerat3
551 1020 638 1109 quod
653 1021 693 1086 de
709 1045 744 1085 ea
760 1045 805 1101 re,
820 1021 986 1110 praesidiis
1003 1021 1131 1101 additis,
1144 1020 1286 1085 reserun-

215 1131 294 1197 dum
318 1143 492 1195 censuerat.
512 1127 575 1191 Sed
597 1128 729 1207 Caesar,
744 1128 801 1191 ubi
817 1129 945 1193 adeum
961 1144 1092 1194 ventum
1107 1142 1173 1208 est,
1196 1151 1285 1217 roga·

216 1252 269 1304 tus
285 1237 473 1302 sententiam
488 1258 506 1299 a
521 1235 671 1315 consule,
687 1234 915 1319 hujuscemodi¹
925 1237 1020 1302 verba
1035 1236 1163 1300 locutus
1179 1248 1234 1300 est

216 1464 265 1522 illa
276 1464 414 1531 oratione,
426 1483 500 1538 quae
515 1474 618 1539 quarta
630 1460 730 1518 Catili·

216 1541 297 1598 naria
313 1552 517 1616 nuncupatur,
536 1556 667 1614 quaeque
687 1538 731 1592 in-

217 1617 293 1692 cipit:
300 1616 395 1672 Video
404 1618 511 1670 Patres
517 1617 681 1688 conscripti
688 1632 729 1667 ec.

217 1689 328 1748 Callide
346 1703 374 1745 et
391 1689 493 1746 diserte
511 1690 600 1746 Silani
619 1700 731 1744 senten-

217 1768 287 1824 tiam
298 1764 488 1838 confirmavit,
494 1778 522 1821 et
532 1786 569 1821 ne
581 1765 732 1821 Caesarem

217 1842 385 1909 offenderet,
399 1841 509 1916 magnis
521 1861 587 1897 eum
598 1839 733 1895 laudibus

164 1975 170 1985 ‚
217 1918 348 1984 efferens,
356 1914 569 1984 demonstravit,
580 1915 732 1970 Catilinam

217 1992 398 2053 manifestum
407 1992 516 2067 patriae
525 1991 636 2049 hostem
643 1992 733 2048 cirem

217 2069 381 2125 Romanum
399 2066 521 2142 amplius
532 2086 590 2122 non
602 2087 671 2134 esse,
682 2088 733 2122 ne·

218 2141 732 2219 quefruilegibusPorciaatqueSem-

217 2219 330 2296 pronia.
352 2218 599 2292 PostnCieeronem
612 2217 733 2273 Catulus

210 2296 325 2351 directe
338 2293 469 2349 Caesaris
480 2290 647 2351 sententiam
665 2313 733 2348 con·
750 2364 752 2369 Ι

217 2372 328 2430 stiterit.
342 2369 475 2425 Tiberius
483 2368 559 2424 Nero
568 2369 679 2424 tertiam
690 2382 732 2425 at-

217 2446 282 2502 tulit
294 2445 472 2513 scntentiom,
480 2456 513 2500 ut
523 2464 567 2500 res
575 2443 611 2498 de
622 2445 733 2521 integro

216 2524 380 2580 referretur.
393 2523 456 2576 Hoc
467 2520 575 2596 placuit
588 2521 695 2588 Silano,
706 2533 734 2577 et

216 2601 374 2655 veritusne
392 2617 475 2652 suum
493 2597 618 2671 primum
638 2598 731 2651 consi-

213 2673 288 2729 lium
303 2671 413 2749 populo
430 2673 513 2727 nimis
525 2671 639 2728 crudele
652 2671 731 2728 vide-

217 2761 298 2805 retur
309 2791 316 2814 ‚
334 2749 373 2802 alt
384 2765 412 2802 se
422 2768 572 2821 nunquam
589 2748 730 2804 censuisse

217 2844 282 2881 reos
294 2835 384 2878 morte
395 2843 455 2878 esse
464 2823 645 2898 plectendos,
658 2844 730 2884 sern-

240 2919 328 2976 erque
338 2898 391 2954 sibi
397 2899 489 2954 visum
496 2899 580 2953 luisse
588 2919 731 2954 sumntum

215 2922 339 3032 llomani
349 2973 416 3031 civis
426 2972 598 3049 suppliciunt
610 2993 669 3030 esse
681 2987 730 3031 aut
743 3039 747 3051 ¹

217 3050 375 3109 custodiam
389 3063 438 3105 artt
451 3049 574 3107 exilium.
585 3051 661 3104 Tum
673 3051 730 3104 Ca-

769 1475 831 1518 tur:
848 1483 939 1537 quum
955 1462 984 1518 id
1002 1462 1085 1518 etiam
1106 1459 1209 1517 Cicero
1225 1481 1286 1518 non

770 1538 928 1605 abnueret,
957 1539 1075 1614 cupiens
1102 1536 1286 1593 vehementer

770 1634 832 1670 rem
843 1626 908 1669 ante
919 1627 1032 1669 noctem
1045 1612 1193 1670 conficere.
1207 1614 1286 1669 Tan-

770 1701 832 1745 tum
842 1690 972 1744 Caesaris
990 1688 1117 1745 studium
1128 1688 1156 1743 in
1169 1689 1285 1746 reis-de·

770 1765 918 1821 sentiendis
955 1764 1083 1821 omnium
1121 1765 1286 1840 opinionem

771 1840 970 1911 confirmavit,
992 1862 1058 1896 eum
1080 1840 1284 1915 conjurationis

770 1937 830 1973 esse
873 1917 1046 1992 articlpem,
1079 1915 1114 1972 de
1137 1936 1195 1990 quo
1216 1916 1284 1972 insi-

771 1937 936 2048 mulabatur
951 1994 1120 2068 praesertim
1141 2012 1158 2046 a
1175 1993 1206 2050 1.
1226 1992 1285 2049 Vc-

772 2069 821 2137 tio;
839 2081 958 2143 tumque
976 2069 1026 2138 [nt
1042 2068 1082 2124 ait
1097 2068 1219 2141 Cicero]
1235 2088 1284 2124 ex-

772 2156 887 2199 euntem
899 2164 914 2198 e
926 2157 1026 2199 senatu
1038 2143 1286 2218 equitesRomani,

771 2239 896 2293 quorum
929 2220 1043 2295 rinceps
1054 2231 1115 2274 erat
1125 2218 1246 2288 Atticus,
1255 2220 1286 2275 in

772 2315 838 2350 eum
855 2240 964 2370 gladios
975 2295 1160 2353 intentarunt
1174 2294 1285 2351 Deinde

772 2371 879 2426 Caesar
899 2392 951 2448 per
967 2391 1076 2427 annum
1091 2390 1150 2427 non
1161 2369 1285 2446 amplius

772 2447 842 2502 adiit
853 2460 991 2505 senatum.

796 2545 804 2578 t
819 2524 982 2579 Sententiae
991 2522 1020 2576 in
1030 2532 1131 2578 senatu
1140 2520 1285 2579 dabantur

770 2619 860 2668 voce,
883 2601 1083 2666 discessione,
1103 2617 1202 2656 manu.
1223 2600 1285 2655 Pri·

770 2695 848 2730 mum
862 2696 927 2731 curu
946 2673 1113 2748 interrogati
1133 2673 1282 2731 dicebant:

768 2757 919 2807 assentio:
942 2749 1063 2806 alterum
1083 2749 1152 2818 uhi,
1171 2749 1284 2809 duabus

768 2825 937 2902 pluribusve
949 2825 1095 2883 sententiis
1106 2824 1201 2892 dictis,
1215 2845 1283 2881 con-

769 2902 831 2970 sul,
852 2902 1015 2978 compendii
1031 2921 1114 2957 eausa
1125 2901 1283 2958 discessio-

768 2997 833 3032 nem
845 2977 1039 3053 permittebat,
1053 2975 1125 3033 idest
1136 2989 1168 3032 ut
1179 2975 1283 3053 singuli

769 3073 798 3108 se
810 3053 970 3110 conferrent
980 3053 1016 3109 ad
1025 3050 1167 3120 subsellia,
1176 3052 1206 3109 in
1218 3055 1283 3127 qui·

217 3140 257 3194 to,
266 3128 316 3200 qui
328 3139 359 3181 nt
367 3126 499 3181 tribunus
513 3125 549 3180 ad
563 3138 676 3200 portam
687 3145 730 3181 se·
768 3128 824 3183 bus
841 3143 971 3186 auctores
987 3128 1191 3186 sententiarum
1203 3128 1283 3185 sedc-

216 3215 301 3257 natus
324 3201 455 3269 sedebat,
482 3201 584 3257 habuit
616 3202 729 3257 concio·
768 3205 854 3272 bant;
874 3205 903 3260 id
920 3203 1155 3293 cratpedibusin
1171 3217 1284 3262 senteu-

216 3298 281 3332 nern
304 3298 319 3331 a
341 3276 474 3333 Sallustio
494 3276 633 3345 relatam,
657 3299 730 3351 quae
768 3281 837 3335 tiam
856 3281 918 3337 ire:
940 3294 1056 3337 tertium
1075 3281 1147 3350 ubi,
1165 3282 1285 3338 sublata

217 3353 323 3427 scripta
342 3353 405 3418 luit,
416 3366 448 3408 ut
465 3355 503 3408 ait
522 3352 702 3421 Plutarchus,
715 3375 730 3408 a
768 3377 867 3425 monii,
886 3358 1084 3432 significabant
1095 3377 1124 3413 se
1136 3358 1284 3426 assentiri,

216 3428 315 3484 scribis
328 3427 364 3482 ad
372 3427 543 3503 idappositis
552 3451 567 3483 a
577 3430 727 3497 Cicerone,
767 3432 881 3487 sedibus
894 3435 951 3488 suis
963 3445 1117 3490 innuentes.
1137 3432 1284 3488 Sintentia

215 3506 266 3579 qni
284 3503 491 3579 compendiosis
507 3505 641 3561 verbisea
654 3504 727 3560 cele·
767 3509 799 3564 T.
813 3507 934 3565 Neronis
954 3509 1007 3565 fuit
1026 3522 1058 3564 ut
1077 3509 1220 3582 conjurati
1232 3507 1282 3562 ad-

214 3580 307 3648 ritate,
318 3600 374 3653 qua
395 3580 459 3654 quis
471 3579 608 3654 loquitur,
621 3581 728 3636 scribe·
767 3598 949 3640 servarentur
958 3587 987 3639 in
997 3584 1136 3652 custodia,
1146 3582 1216 3639 dum
1226 3585 1283 3640 Ca·

213 3653 292 3713 bant.
311 3656 419 3715 Videns
439 3656 544 3717 Caesar
561 3657 726 3714 universum
764 3659 843 3714 tilina
857 3662 1076 3736 profligaretur,
1097 3673 1125 3716 et
1135 3660 1283 3734 negotium

216 3745 344 3793 sonatum
358 3732 460 3790 Catoni
478 3732 616 3799 assentiri,
635 3744 725 3787 caete·
764 3746 857 3790 totum
888 3737 1027 3812 exquisite
1049 3748 1279 3813 pernosceretur.

212 3825 262 3861 ros
280 3807 373 3881 plebis
392 3807 523 3868 tribunos
540 3808 570 3861 in
589 3807 726 3862 auxilium
765 3809 879 3868 Silanus
896 3813 998 3887 igitur,
1019 3813 1071 3868 etsi
1096 3811 1182 3871 aliter
1200 3823 1289 3871 autea·

215 3880 728 3950 advocavitutintercederennsedui-
767 3887 914 3955 sensisset,
943 3901 1037 3944 tamen
1060 3887 1190 3945 Caesaris
1217 3905 1281 3948 ora-

214 3954 257 4010 hit
266 3971 433 4012 consecutus
445 3960 545 4014 estnisi
554 3971 587 4013 ut
597 3962 728 4031 conjura·
767 3961 844 4019 tione
856 3976 1002 4037 permotus
1015 3964 1044 4018 in
1055 3963 1177 4018 Neronis
1193 3963 1283 4025 iverat

214 4033 453 4107 torumpecuniae
473 4055 528 4098 non
547 4033 730 4111 publicaren·¹
768 4039 944 4095 sententiani.
990 4038 992 4042 ’
