2888 4748
430 285 631 400 ‘annuunt
657 270 1000 398 enrnmr'nrun
1212 328 1260 398 er

123 542 129 554 .
226 485 317 553 tlx.
343 485 432 551 Dum
448 507 484 549 eo
500 485 622 548 Romae
637 496 811 572 geruntur,
829 483 970 546 Catilina
984 505 1024 549 ex
1039 479 1127 546 omni
1144 466 1259 573 copia,

185 619 282 684 quem
296 608 329 660 et
343 593 411 683 ipsc
427 592 619 672 adduxerat,
632 575 665 656 et
681 591 823 667 Manlius
838 589 1004 670 habuerat,
1018 587 1100 654 duas
1115 590 1260 679 legiones

184 702 345 781 instituit;
360 700 525 781 cohortes,
539 723 599 789 pro
614 720 748 764 numero
764 698 904 764 militum
919 697 1056 787 complet
1069 697 1077 721 ¹
1093 722 1100 760 :
1122 695 1259 779 deinde,

184 811 371 900 utquisque
394 809 594 876 voluntarius
615 821 671 872 aut
701 831 738 872 er
766 805 861 872 sociis
876 806 911 868 in
926 818 1030 870 castra
1042 818 1258 884 venerame-

184 918 321 1007 qualiter
341 917 563 993 distribuerat3
578 938 616 980 ac
636 915 726 1011 brevi
749 914 851 1004 spatio
871 913 950 978 duas
965 912 1106 1002 legiones
1122 933 1258 977 numero

184 1023 353 1091 hominum
375 1023 573 1112 expleverat3
588 1045 663 1088 cum
678 1022 770 1089 initio
783 1044 852 1086 non
868 1020 1005 1110 amplius
1021 1019 1147 1085 duobus
1162 1017 1258 1088 milli·
1292 1046 1296 1050 “

183 1131 245 1198 bus
267 1131 440 1196 habuisset.
456 1129 523 1193 Sed
537 1151 576 1193 ex
590 1129 677 1193 omni
700 1128 794 1218 copia
817 1128 943 1192 circiter
965 1145 1041 1218 pars·
1061 1137 1175 1216 quarta
1190 1139 1258 1192 crat
1324 1201 1326 1204 ¹

184 1237 378 1303 militaribus
394 1237 490 1302 armis
506 1236 681 1314 instructn3
697 1235 808 1314 ceteri,
822 1249 860 1300 ut
875 1256 1034 1323 quemque
1049 1257 1142 1299 casus
1158 1255 1259 1299 arma·

184 1359 284 1426 verat,
299 1368 409 1435 sparos
423 1347 434 1372 ⁸
446 1357 505 1408 aut
519 1344 657 1423 lanceas,
672 1342 729 1407 alii
742 1355 930 1432 praeacutas
945 1340 1040 1407 sudes
1053 1335 1066 1374 ³
1079 1341 1259 1431 portabant·

186 1452 252 1519 Sed
264 1467 435 1544 postquam
451 1450 613 1516 Antonius
635 1473 709 1516 cum
731 1450 872 1516 exercitu
892 1448 1100 1529 adventabat,
1118 1448 1259 1517 Catilina

183 1584 242 1650 per
262 1559 381 1631 montis
403 1560 463 1624 iter
483 1558 609 1637 facere,
628 1557 723 1624 modo
747 1557 788 1623 ad
809 1557 941 1640 urbem,
956 1556 1053 1625 modo
1067 1556 1102 1620 in
1119 1555 1258 1623 Galliam

183 1689 294 1734 tersus
317 1682 419 1737 castra
442 1688 592 1744 movere3
613 1667 758 1732 hostibus
781 1666 981 1732 occasionem
1003 1665 1169 1756 pugnandi
1190 1688 1258 1731 non

185 1773 269 1840 dare.
288 1775 444 1865 Sperabat
465 1774 652 1864 propediem
672 1797 803 1864 magnas
827 1774 936 1863 copias
957 1796 990 1837 se
1011 1772 1215 1853 habiturum,
1229 1773 1259 1838 si

185 1882 307 1947 Romae
317 1883 396 1948 socii
409 1882 537 1971 incepta
550 1882 768 1971 patravissent
779 1881 903 1945 Interea
915 1879 1043 1945 servitia
1057 1879 1258 1970 repudiabat,

185 1993 280 2073 eujus
301 1983 394 2064 initio
417 1987 553 2053 adeum
575 2006 707 2077 magnae
730 1988 841 2078 copiae
864 1986 1117 2066 concurrebant,
1139 1987 1255 2076 opibus

185 2095 416 2178 conjurationis
435 2094 556 2173 frotns3
578 2094 674 2160 simul
696 2097 835 2160 alienum
857 2092 924 2160 suis
945 2094 1122 2158 rationibus
1137 2093 1254 2158 existu-

184 2225 290 2282 mans,
305 2202 406 2268 videri
421 2227 566 2269 causeam
582 2203 701 2269 civium
716 2227 790 2268 cum
805 2201 904 2269 serris
919 2201 1061 2291 fugitivis
1077 2200 1253 2265 communi-

185 2310 315 2376 cavisse.
334 2309 415 2391 Sed,
437 2326 607 2400 postquam
629 2311 662 2375 in
684 2326 786 2375 castra
801 2310 939 2374 nuncius
954 2308 1117 2396 pervenit,
1132 2308 1254 2372 Romae

186 2418 439 2500 conjurationem
453 2418 662 2508 patefactam,
677 2416 716 2480 de
732 2416 890 2495 Lentulo,
909 2429 940 2478 et
965 2413 1105 2502 Cethego
1127 2414 1255 2478 ceteris·

186 2547 266 2611 que,
282 2549 362 2611 quos
379 2524 681 2613 supramemoravi,
698 2522 893 2613 supplicium
909 2536 1069 2599 sumtum3
1088 2521 1254 2611 plerique,

186 2653 267 2718 quos
295 2629 335 2693 ad
357 2630 477 2694 bellum
501 2654 572 2720 spes
596 2631 781 2720 rapinarum
804 2642 860 2694 aut
881 2652 1035 2696 novarum
1057 2652 1164 2696 rerum
1188 2643 1254 2694 stu*

186 2736 276 2801 dium
284 2737 437 2817 illexerat,
445 2737 631 2803 dilabuntur
641 2739 797 2827 :reliquos
809 2737 947 2802 Catilina
960 2760 1018 2826 per
1033 2739 1149 2802 montis
1165 2760 1255 2829 aspe-

185 2863 238 2911 ros
260 2846 382 2932 magnis
407 2845 573 2911 itineribus
595 2846 629 2909 in
652 2868 762 2934 agrum
778 2846 1004 2913 Pistoriensem
1018 2849 1031 2890 ⁴
1044 2846 1193 2925 abducit;
1214 2870 1255 2913 eo

186 2953 338 3031 oonsilio,
361 2951 410 3017 uti
430 2975 488 3043 per
509 2954 650 3018 tramites
672 2962 684 2998 ⁵
706 2954 829 3018 occulte
851 2955 1034 3045 profugeret
1055 2957 1089 3020 in
1113 2956 1254 3020 Galliam

188 3060 439 3150 Transalpinam.
457 3060 503 3125 At
519 3062 555 3144 Q.
573 3061 722 3126 Metellus
747 3062 840 3128 Celer
860 3081 936 3129 cnm
957 3065 1059 3130 tribus
1074 3063 1255 3152 legionibus

184 3167 220 3230 in
236 3184 311 3256 agro
327 3167 446 3232 Piceno
461 3168 677 3258 praesidebat,
697 3193 735 3234 ex
749 3168 936 3235 difficultate
951 3194 1058 3236 rerum
1073 3171 1182 3236 eadem
1197 3171 1256 3236 ills

186 3273 398 3354 existumans,
420 3297 501 3362 quae
517 3276 787 3364 supradiximus,
804 3278 975 3342 Catilinam
990 3280 1115 3368 agitare.
1132 3281 1254 3370 Igitur,

183 3379 243 3444 ubi
259 3379 319 3443 iter
334 3382 403 3462 ejus
419 3403 457 3481 er
471 3381 613 3469 perfugis
628 3383 793 3470 cognovit,
815 3400 917 3450 castra
931 3410 1066 3476 propere
1081 3390 1199 3470 movit,
1215 3412 1257 3454 ao

187 3487 247 3553 sub
262 3486 340 3576 ipsis
356 3485 517 3556 radicibus
528 3489 684 3554 montium
696 3491 922 3581 consedit3qua
938 3495 986 3558 illi
1001 3499 1170 3568 descensus
1186 3518 1256 3568 eras

209 3667 701 3746 1Legio,Catilinaetemporc,eon-
760 3691 775 3727 n
797 3671 900 3731 Telum
924 3680 1062 3738 rusticum
1083 3682 1113 3736 in
1136 3673 1255 3741 modum

190 3743 283 3800 stabnt
301 3747 349 3801 sex
365 3744 442 3803 hcm.
455 3745 522 3804 mill.
534 3749 632 3816 Quum
642 3746 702 3821 ipse
739 3749 820 3826 pedis
832 3771 993 3814 recurvum.

188 3839 341 3878 numerum
359 3841 419 3877 non
437 3820 565 3890 haberet,
586 3822 636 3954 q'ui
647 3843 702 3898 pro
759 3820 777 3882 3
797 3828 908 3889 Partica
924 3844 1061 3905 peracuta
1071 3844 1099 3888 et
1109 3848 1252 3909 praeusta.

188 3893 302 3950 duabus
311 3894 472 3971 legionibus
483 3898 597 3974 require
621 3911 703 3969 atur,
760 3900 779 3972 4
798 3903 832 3959 In
851 3905 982 3962 Etruriae
993 3921 1074 3982 parte
1086 3909 1254 3968 occidentali

188 3989 262 4046 quos
272 3968 384 4041 habuit,
394 3974 424 4030 in
436 3974 561 4052 singulas
572 3974 704 4033 cohortes
742 3977 779 4033 ad
790 3979 934 4056 Apennini
946 3985 1050 4040 montis
1061 3984 1178 4049 radices,

187 4046 371 4124 partitusest.
754 4053 1260 4138 5Perlocasaltuosa,etsilvisobsita,
1307 4082 1325 4129 ·.
