2888 4748
376 339 565 406 sunnon
589 332 928 406 menusanum
1177 334 1218 426 7³

142 501 230 580 -fuir,
251 496 352 563 multa
374 506 406 560 et
428 474 591 586 praeclara
614 493 661 560 rei
676 474 822 561 militaris
845 493 988 558 facinora
1011 491 1148 556 fecerat:
1174 488 1217 553 ob

140 603 367 698 'quaejvictis
392 596 709 693 Carthaginiensibus
733 615 764 665 et
789 616 882 690 capto
907 600 1055 690 Syphace
1071 615 1098 679 ¹,
1122 600 1218 682 cujus

149 717 183 779 in
208 713 320 779 Africa
343 734 495 802 magnum
525 725 620 800 atque
643 710 714 774 late·
732 710 904 798 imperium
927 704 1048 787 valuit,
1072 705 1218 796 populus

149 819 315 887 Romanus
339 840 558 910 quascumque
581 817 670 882 urbis
701 831 732 881 et
756 839 847 905 agros
867 838 964 878 manu
981 828 1126 904 ceperat,
1148 813 1219 902 regi

148 931 232 995 dono
257 929 352 994 dedit.
377 928 482 1015 Igitur
505 924 644 990 amicitia
660 925 849 989 Masinissae
869 922 953 988 bona
970 936 1064 1011 atque
1084 921 1219 986 honesta

147 1039 240 1103 nohis
257 1036 451 1127 permansit:
475 1033 530 1098 scd
545 1033 671 1123 imperii
694 1034 842 1120 vitaeque
865 1035 936 1115 ejus
955 1028 1029 1094 finis
1045 1029 1130 1093 idem
1145 1029 1215 1093 fuit

148 1144 276 1208 Deinde
301 1142 438 1232 Micipsa
461 1139 548 1205 filius
571 1162 707 1229 regnum
731 1141 818 1204 solus
842 1139 982 1204 obtinuit
1000 1139 1029 1218 ⁸,
1053 1137 1215 1202 Mastana-

146 1252 218 1316 bale
249 1246 282 1316 et*
302 1250 443 1315 Gulussa
466 1248 617 1314 fratribus
640 1247 752 1312 morbo
778 1247 939 1312 absumtis.
957 1247 989 1311 ls
1008 1245 1217 1310 Atherbalem

147 1374 179 1423 et
203 1357 419 1448 Hiempsalem
443 1379 480 1421 ex
504 1378 572 1420 sese
595 1355 726 1445 genuit3
754 1353 1033 1444 Jugurthamque,
1056 1354 1219 1418 Mastana⁴

146 1468 228 1532 balis
251 1466 356 1531 fratris
382 1463 503 1543 filium,
528 1487 623 1553 quem
644 1463 833 1542 Masinissa,
857 1461 945 1551 quod
969 1477 1056 1527 ortus
1082 1485 1119 1526 ex
1143 1484 1218 1526 con·

147 1576 264 1639 cuhina
280 1588 363 1652 erat,
378 1573 539 1663 privatum
555 1572 746 1663 reliquerat,
762 1570 872 1636 eodem
888 1570 997 1651 cultu,
1018 1593 1082 1659 quo
1098 1569 1217 1633 liberos

148 1706 242 1762 suos,
265 1681 353 1746 domi
376 1680 496 1745 habuit.
831 1676 835 1687 “

191 1789 251 1857 Vl.
276 1788 353 1872 Qui,
375 1788 432 1852 ubi
456 1787 597 1877 primum
621 1787 778 1868 adolevit,
793 1786 918 1876 pollens
935 1785 1074 1865 viribus,
1099 1781 1215 1850 decora

145 1897 245 1976 faeie,
262 1895 317 1960 sed
332 1895 433 1960 multo
449 1917 595 1958 maxume
610 1892 739 1981 ingenio
754 1893 899 1972 validus,
915 1916 980 1957 non
997 1917 1029 1956 se
1053 1893 1132 1957 luxu
1162 1915 1216 1956 ne·

145 2028 208 2093 que
223 2003 355 2066 inertiae
372 1999 641 2089 corrumpendum
657 1998 763 2077 dedit;
779 2000 845 2078 sed,
860 2000 908 2064 uti
924 2022 993 2064 mos
1008 2001 1111 2088 gentis
1127 1998 1216 2064 illius

144 2125 209 2190 cst,
226 2109 369 2198 equitare
382 2111 413 2188 ³,
429 2107 581 2193 jaculari,
597 2131 696 2173 cursu
711 2131 785 2173 cum
801 2107 988 2197 aequalibus
1005 2121 1124 2172 certare
1132 2098 1145 2169 ¹r
1166 2121 1218 2186 et,

144 2241 219 2282 cum
237 2216 339 2281 omnis
355 2216 455 2305 gloria
478 2215 628 2298 anteiret,
651 2217 800 2282 omnibus
824 2231 929 2280 tamen
953 2238 1046 2280 carus
1071 2237 1139 2278 esse
1153 2236 1161 2277 τ
1176 2213 1218 2278 ad

142 2325 216 2406 hoc,
225 2326 378 2415 pleraque
393 2340 535 2414 tempora
550 2324 583 2388 in
600 2323 745 2391 venando
762 2324 1010 2412 agereclconem
1027 2336 1121 2410 atque
1138 2321 1217 2385 alias

142 2433 225 2498 feras
240 2435 364 2523 primus
387 2447 441 2497 aut
465 2433 495 2495 in
513 2431 626 2522 primis
642 2431 736 2495 ferire
752 2458 758 2494 ε
775 2430 953 2520 plurimum
975 2429 1090 2494 faeere
1103 2442 1134 2494 et
1155 2427 1213 2491 mi·

165 2624 175 2658 r
199 2601 318 2680 Syphax
337 2623 389 2660 nex
415 2603 446 2658 in
465 2602 559 2659 Africa
580 2621 654 2680 opu·
692 2601 848 2673 arcessivit,
860 2603 981 2680 cupiens
1000 2604 1062 2678 ejus
1081 2602 1125 2659 uti
1142 2620 1211 2659 con-

140 2677 324 2750 lautissimus,
336 2678 499 2736 Masinissae
511 2679 548 2735 ab
560 2700 654 2736 omen·
693 2679 772 2749 siliis,
793 2693 821 2737 et
841 2680 871 2735 in
891 2680 975 2736 amici
995 2679 1149 2756 complexu
1162 2700 1211 2736 ex-

140 2767 170 2812 te
196 2756 306 2813 vicinus
317 2786 330 2824 ‚·
346 2749 526 2832 Scipionem,
547 2755 598 2831 qui
618 2756 655 2812 ab
693 2769 818 2814 tremum
840 2775 852 2812 s
875 2756 973 2812 iritum
986 2755 1141 2813 effundere.
1155 2752 1213 2812 Sed

141 2831 279 2907 Hispania
306 2833 336 2887 in
356 2832 480 2888 Africam
500 2833 653 2907 navigave-
693 2834 828 2908 quamvis
853 2776 953 2910 Scipio
980 2832 1035 2889 iter
1059 2836 1214 2910 propetis·

141 2921 195 2976 rat,
216 2927 267 2964 sua
287 2908 316 2964 in
327 2909 404 2996 regia
425 2907 606 2985 hospitaliter
625 2921 654 2965 et
694 2922 753 2978 set,
774 2907 906 2965 Cirtham
934 2909 1106 2986 perveniens
1125 2908 1212 2965 Masi·
1288 2907 1300 2921 ”

140 2983 263 3057 benigne
275 2987 396 3061 excepit,
413 2997 440 3041 et
460 3005 525 3041 etam
538 3004 572 3039 eo
583 3002 652 3041 con·
690 2986 799 3041 nissam
829 2999 978 3042 mortuum
1010 2979 1135 3071 reperit,
1167 3003 1212 3040 re-

140 3071 184 3114 tra
197 3060 307 3117 Poenos
327 3059 425 3117 foedus
442 3061 511 3116 iniit.
525 3059 596 3116 Eam
607 3079 652 3118 so-
690 3059 757 3117 licta
777 3060 831 3118 sibi
851 3060 984 3118 facultate
995 3058 1142 3118 dividendi
1162 3079 1208 3114 ar·

140 3135 270 3192 cietatem
282 3148 309 3192 et
322 3149 429 3193 tantam
440 3137 546 3194 virium
558 3155 654 3193 acces·
693 3137 780 3194 bitrio
801 3157 853 3193 suo
873 3138 948 3193 inter
976 3135 1082 3193 liberos
1109 3143 1207 3216 regni:

140 3211 249 3266 sionem
269 3225 301 3266 ut
321 3233 337 3266 a
353 3212 490 3269 Romanis
509 3211 657 3271 divelleret
694 3225 807 3270 tautum
826 3214 893 3269 Mici
917 3233 973 3281 sae,
993 3225 1064 3269 natu
1084 3219 1210 3276 maximo

139 3285 304 3354 Asdrubal,
336 3287 537 3364 Sophonisben
565 3288 655 3343 liliam
692 3289 769 3344 inter
788 3301 845 3345 tres
873 3234 947 3345 filios
975 3288 1006 3345 le'
1022 3291 1134 3361 itimos,
1159 3316 1211 3352 an-

140 3360 364 3436 pulcherrimam
393 3363 422 3418 in
442 3365 656 3420 matrimonium
693 3362 797 3420 nulum
818 3383 907 3421 suum
926 3311 1091 3423 tradiderat.
1114 3371 1209 3448 Scipio

141 3437 267 3514 Syphaci
288 3435 374 3493 dedit.
401 3440 444 3494 Ita
464 3437 512 3494 hie
532 3438 655 3495 dilectis·
693 3440 843 3516 praecepit
872 3454 905 3497 ut
935 3454 993 3498 tres
1024 3442 1074 3498 filii
1105 3466 1213 3505 nomeu

143 3514 230 3571 simae
241 3514 370 3589 conjugis
381 3512 571 3589 instigatione,
584 3514 655 3570 ami·
694 3516 769 3592 regis
789 3517 914 3586 ferrent,
933 3529 963 3574 et
1004 3531 1094 3574 artem
1114 3523 1144 3576 in
1163 3542 1208 3577 re·

141 3589 236 3646 citiam
249 3590 390 3666 Scipionis
409 3609 462 3665 per
481 3589 592 3665 legatos
608 3610 654 3646 re·
694 3612 751 3666 gno
782 3539 1012 3649 administrando
1042 3593 1208 3665 haberent;

141 3667 214 3740 jecit.
237 3666 294 3722 Sed
313 3660 357 3721 bis
369 3666 427 3721 acie
439 3665 529 3734 susus,
541 3678 654 3754 captus,
693 3668 812 3744 Micipsa
826 3686 893 3727 uero
906 3667 1042 3744 dignitate
1060 3686 1087 3727 et
1107 3685 1206 3733 aucto·

143 3755 171 3797 et
184 3741 363 3819 Sophonisba
376 3742 504 3809 orbatus,
517 3762 532 3796 a
543 3741 654 3818 Scipio·
692 3745 777 3799 ritate
796 3744 914 3800 caeteris
933 3747 1062 3802 anteiret.
1073 3731 1216 3824 Regnum'

142 3837 179 3874 ne
198 3819 228 3873 in
249 3817 428 3894 triumphum
449 3817 553 3874 ductus
572 3831 623 3876 est.
691 3818 770 3877 aolus
790 3818 914 3876 obtinuit
933 3840 1009 3877 anno
1029 3823 1064 3877 U.
1087 3826 1120 3880 C.
1141 3825 1204 3882 605.

163 3912 178 3946 a
200 3894 276 3949 Cum
306 3895 454 3950 Masinissa
479 3893 554 3952 vitae
583 3912 652 3949 suae
707 3891 882 3972 3Massylii,
902 3896 1023 3974 Libyes,
1048 3899 1202 3965 Numidae,

141 3968 227 4023 finem
238 3971 437 4045 propinquum
448 3988 509 4027 esse
524 3971 651 4039 sentiret,
691 3969 789 4027 Getuli
811 3971 956 4046 equitatus
984 3993 1097 4057 temper
1124 3977 1204 4035 fuere

142 4045 303 4121 Scipionem
322 4046 492 4104 Smilianum
512 4045 652 4105 exAlriee
689 4047 864 4127 peritissimi.
