2888 4748
262 332 324 395 188
550 325 586 392 C.
611 317 759 392 CRISPl
784 322 1027 392 stutusttt

256 477 393 543 dedecus
407 473 623 541 conciderunt
639 475 725 540 Dein
740 498 838 543 naves
851 476 954 541 rietor
968 475 1111 555 adortum
1125 496 1236 543 earum
1250 445 1324 546 L'x

257 583 356 673 cepit,
372 583 420 648 IV
436 582 510 670 igue
524 583 707 648 combussit

254 680 268 703 ’
302 691 354 753 De
373 704 437 754 tam
458 690 575 776 insigni
599 703 681 752 terra
703 689 847 777 marique
868 689 1002 754 victoria
1022 688 1108 753 fama
1129 712 1188 778 per
1203 688 1322 755 Asiam

258 797 405 886 vulgata,
419 795 571 884 Bithynia
586 794 765 859 Mithridati
779 818 813 860 se
828 818 863 859 se
877 796 1028 861 universa
1041 795 1179 872 dedidit3
1196 796 1331 860 Lucula

258 905 308 969 lus
323 919 429 968 autem
444 903 501 990 qui
515 905 579 983 jam
601 901 636 964 in
659 901 800 990 Phrygia
823 924 897 966 cum
920 902 1060 967 exercitu
1080 917 1165 983 erat,
1186 903 1323 966 obsesso

258 1011 397 1099 collegae
411 1031 504 1097 opem
519 1008 672 1072 allaturus
694 1007 929 1073 chalcedonem
942 1009 1133 1098 properarit
1158 1009 1242 1072 Cum
1262 1008 1323 1072 itle

259 1117 293 1181 in
323 1128 527 1204 conspectum
556 1113 695 1179 bostium
722 1114 883 1194 venisset,
904 1113 1025 1201 ingenti
1047 1137 1159 1178 eornm
1181 1136 1322 1179 numero

258 1222 445 1300 deterritus,
459 1222 579 1310 quippe
594 1221 647 1284 cui
663 1244 727 1285 non
744 1220 880 1310 amplius
896 1221 1026 1308 triginta
1041 1220 1186 1309 peditum
1200 1218 1322 1299 millia,

260 1328 403 1418 equitum
417 1326 465 1391 bis
481 1326 568 1390 mille
582 1341 614 1391 et
628 1327 795 1416 quingenti
809 1341 925 1407 essent,
932 1326 1053 1391 destitit
1067 1349 1186 1417 pugna,
1195 1327 1321 1392 castris-

260 1459 323 1524 que
338 1448 517 1523 opportuno
532 1434 603 1497 loco
618 1434 750 1522 positis,
771 1457 809 1498 ea
830 1433 1059 1498 commeatibus
1079 1434 1228 1523 opplevit
1245 1433 1322 1526 lite·

261 1543 327 1606 nim
342 1541 485 1605 futurum
500 1542 641 1620 censuit,
661 1555 699 1604 ut
713 1541 780 1628 regi
795 1555 842 1605 tot
856 1540 1023 1604 hominum
1037 1539 1180 1606 millibus
1196 1539 1322 1606 alendis

260 1648 349 1713 brevi
362 1671 414 1712 res
428 1646 632 1711 frumentaria
647 1646 777 1711 deesset
800 1647 867 1711 Nec
891 1671 948 1711 sua
963 1670 1037 1712 eum
1058 1646 1170 1712 fefellit
1185 1647 1297 1737 opinio
1310 1674 1329 1726 3.

261 1753 461 1819 Mithn'dates
491 1754 577 1817 enim
607 1776 751 1819 annonae
779 1752 967 1820 difficultate
996 1744 1199 1844 compulsus,
1226 1767 1321 1819 nocte

261 1859 449 1950 intempesta
478 1874 509 1924 et
538 1860 674 1949 pluvia,
705 1861 907 1926 Chalcedone
936 1884 1010 1926 cum
1040 1860 1107 1924 suis
1136 1859 1324 1948 digressus,

263 1967 417 2055 Cyzicum
438 1967 551 2031 urbem
572 1968 800 2033 nobilissimam
816 1978 847 2033 et
862 1969 983 2033 Romae
1003 1965 1195 2033 foederatam
1216 1989 1320 2055 oppu-

261 2087 392 2161 gnatum
413 2073 478 2138 ivit
511 2074 673 2163 Oppidani
703 2098 736 2139 se
766 2099 800 2140 se
830 2075 943 2139 acriter
971 2072 1073 2153 tueri,
1102 2073 1322 2162 adgredientes
1414 2076 1419 2087 '

260 2179 366 2245 hostes
390 2180 559 2269 repellere,
581 2183 658 2253 certi
679 2204 739 2270 pro
763 2182 915 2246 Romanis
939 2203 1161 2269 quaecumque
1180 2178 1249 2270 pati
1264 2176 1321 2243 ad·
1414 2182 1418 2188 ’

262 2310 360 2353 versa
391 2285 516 2352 Interea
538 2287 696 2352 Lucullus
719 2310 756 2351 eo
778 2287 842 2351 loci
872 2287 972 2376 copiis
1005 2286 1168 2367 deductis,
1198 2301 1236 2350 ut
1262 2285 1321 2350 ho·
1361 2364 1368 2369 -

261 2407 323 2459 stes
338 2394 565 2459 commeatibus
586 2394 680 2459 facile
700 2393 1005 2473 intercluderentur,
1026 2393 1247 2482 submissoque
1263 2392 1321 2456 ob·

260 2501 353 2567 sessis
368 2501 414 2565 rei
429 2499 653 2566 frumentariae
672 2500 874 2591 militumme
897 2499 1036 2581 auxilio,
1058 2498 1226 2566 victoriam
1248 2499 1321 2565 suis

258 2608 457 2672 incruentam
472 2607 533 2672 sibi
547 2608 581 2670 in
597 2630 693 2672 manu
709 2631 777 2673 esse
799 2607 999 2696 gloriabatur.
1024 2607 1073 2672 Re
1092 2606 1222 2695 quidem
1242 2628 1321 2671 vera

260 2712 342 2777 lame
357 2714 511 2779 exercitus
526 2715 609 2803 regis
625 2714 769 2779 celeriter
783 2713 930 2780 afflictari
938 2713 1060 2803 coepit3
1073 2735 1174 2803 eoque
1189 2712 1320 2802 inopiae

259 2820 347 2885 brevi
362 2819 491 2886 adactus
506 2835 608 2902 est,ut
622 2820 720 2885 herba
735 2804 1003 2910 cadaveribusque
1018 2819 1136 2885 milites
1151 2841 1336 2888 vescereua

259 2940 319 2990 tur.
343 2928 427 2991 Tum
444 2927 636 2993 Mithridatis
659 2926 789 2992 ambitio
812 2942 843 2992 et
864 2928 1042 3017 pervicacia
1072 2925 1180 2992 fracta
1211 2925 1320 2989 Noctu

259 3031 299 3096 ab
314 3031 374 3097 hac
388 3057 515 3123 quoque
531 3027 695 3099 obsidione
710 3033 874 3110 ‹liscessit3
893 3034 1054 3123 missoque
1074 3033 1218 3121 equitatu
1240 3053 1319 3096 cum

258 3137 400 3226 peditum
430 3155 519 3229 parte
550 3141 583 3203 in
615 3139 821 3228 Bithyniam,
848 3139 918 3227 ipse
946 3161 1020 3204 cum
1049 3138 1181 3228 reliquis
1211 3136 1317 3224 copiis

258 3243 292 3307 in
317 3245 455 3309 Pontum
485 3247 651 3334 navigavit
683 3246 878 3311 Recedentes
907 3246 1015 3311 hostes
1043 3260 1126 3311 terra
1156 3243 1317 3309 Lucullus

256 3366 442 3439 persecutus
473 3352 513 3416 ad
544 3352 662 3418 flumen
695 3354 933 3433 Rindanicum‚
962 3376 1035 3417 mox
1065 3352 1106 3416 ad
1137 3351 1314 3414 Granicum

254 3472 472 3547 oppugnatos,
495 3460 664 3549 plerosque
687 3460 866 3541 interfecit,
888 3460 1030 3548 reliquos
1052 3459 1144 3548 cepit
1169 3456 1313 3522 Classem

256 3587 330 3631 vero
347 3568 414 3648 ejus
431 3590 575 3654 aggressa
590 3581 757 3656 tempestas
772 3571 861 3651 juxta
877 3568 981 3632 Paron
998 3565 1222 3631 etHeracleam
1238 3575 1326 3627 eum'

254 3670 365 3744 decern
381 3672 520 3737 millibus
535 3674 720 3754 hominum,
736 3674 792 3761 qui
807 3674 1021 3756 vehebantur,
1035 3696 1123 3738 mare
1143 3668 1325 3759 absorbuit

253 3776 330 3865 lpse
346 3779 380 3841 in
395 3779 596 3867 piscatoriam
611 3780 791 3848 naviculam
807 3781 960 3862 insiliens,
968 3781 1111 3872 periculo
1127 3777 1314 3866 gravissimo

253 3884 400 3972 clapsus,
416 3900 539 3975 praeter
554 3880 641 3976 spem
660 3888 829 3952 incolumis
846 3888 1031 3952 Heracleam
1052 3886 1205 3975 pervenit.
1229 3885 1315 3947 Tum
1340 3883 1342 3886 ’

256 3991 413 4059 Lucullus
433 3993 602 4081 Bithynia,
625 3983 860 4086 Paphlagonia,
884 3992 1009 4066 Galatia
1021 3993 1163 4082 potitus,
1186 3990 1315 4060 nemine
