2888 4748
414 315 603 464 nenton
627 319 968 429 inenarnrunu
1160 362 1223 429 ras

146 507 245 578 dubio
283 523 379 603 atque
407 511 587 580 haesitante
615 511 804 602 iugurtha,
836 511 1014 576 incolumes
1047 521 1224 582 transeunt.

104 618 106 622 ’
145 616 272 685 Deinde
295 620 407 711 paucis
425 620 551 702 diebus,
576 645 641 711 quo
656 621 703 685 ire
718 618 937 698 intenderant,
961 631 1151 706 perventum
1166 631 1223 683 est.

80 739 84 746 '
192 726 316 793 CXVI.
342 728 393 793 lbi
408 752 483 798 eum
499 727 636 794 Boccho
651 725 793 797 Numida
809 724 939 814 quidem
956 723 1062 814 Aspar
1077 724 1226 806 nomine,
1322 714 1332 733 κ

145 833 284 899 multum
308 848 339 903 et
360 835 569 900 familiariter
597 834 729 923 agebat,
757 831 952 922 praemissus
976 830 1016 895 ab
1043 829 1226 920 Jugurtha,

145 955 317 1030 postquam
335 941 460 1006 Sullam
485 942 626 1009 accitum
642 940 805 1020 audierat,
820 948 928 1004 orator
943 953 975 1004 et
999 937 1132 1003 subdole
1155 961 1226 1028 spe·

147 1048 290 1114 sulatum
315 1046 436 1112 Bocchi
464 1049 623 1138 consilia:
647 1061 811 1138 praeterea
839 1045 968 1131 Dabar,
997 1044 1226 1134 Massugradae

146 1147 257 1233 filius,
280 1176 318 1218 ex
333 1167 427 1242 gente
444 1153 648 1234 Masinissae,
664 1168 805 1219 ceterum
821 1167 969 1219 materno
980 1174 1098 1242 genere
1113 1153 1227 1242 inpar,

148 1283 223 1323 nam
246 1274 337 1350 pater
359 1262 431 1344 ejus
455 1284 494 1326 ex
518 1260 701 1326 concubina
716 1275 815 1326 ortus
840 1275 925 1339 erat3
947 1261 1088 1325 Mauro¹
1113 1259 1154 1323 ob
1178 1260 1226 1323 in·

149 1366 235 1454 genii
250 1367 351 1432 multa
365 1367 569 1434 bona-oarus
590 1382 822 1459 acceptusque:
843 1389 939 1455 quem
960 1365 1109 1432 Bocchus
1125 1365 1228 1453 fidum
1255 1447 1256 1451 Ἰ

150 1496 218 1538 esse
243 1474 397 1539 Romanis
429 1475 542 1540 multis
572 1489 645 1539 ante
658 1541 661 1548 ,
674 1475 916 1566 tempestatibus
944 1488 1111 1566 expertus,
1138 1473 1229 1543 illico

147 1579 190 1644 ad
215 1580 339 1652 Sullam
362 1583 550 1650 nunciatum
574 1582 691 1663 mittit,
717 1599 867 1668 paratum
891 1606 959 1646 sesa
981 1583 1121 1671 facere,
1143 1605 1253 1668 quoe,

147 1690 286 1775 populns
312 1693 472 1755 Romanus
496 1691 615 1754 vellet:
640 1691 804 1775 colloquio
830 1690 933 1769 diem,
957 1690 1081 1772 locum,
1104 1705 1229 1774 tempus

109 1775 115 1792 ἱ
148 1796 216 1881 ipse
240 1796 413 1882 deligeret:
429 1797 578 1860 consulto
602 1820 669 1860 sese
687 1800 795 1860 omnia
821 1821 893 1870 cum
918 1796 974 1859 illo
1000 1800 1149 1879 integro·
1172 1795 1251 1859 lta»

149 1901 245 1966 dere:
269 1928 331 1975 nen
348 1904 533 1989 Jngurslzae.
548 1903 688 1987 legatum
710 1904 970 1988 pertimesceret:
986 1904 1124 1968 accitum
1148 1927 1230 1986 esse,

150 2032 215 2096 quo
230 2031 280 2072 res
297 2009 476 2073 communis
487 2008 660 2078 lieentinsl
674 2023 850 2097 gereretur:
868 2032 943 2075 nam
959 2011 999 2075 ab
1015 2009 1141 2075 insidiis
1157 2013 1229 2093 ejus

151 2114 247 2178 aliter,
259 2114 364 2179 caveri
380 2113 578 2202 nequivisse.
598 2115 663 2179 Sed
682 2138 741 2204 ego
762 2117 960 2210 comperior,
982 2117 1146 2183 Bocchum
1162 2138 1229 2189 mnf
1250 2196 1252 2201 Α

150 2220 199 2309 gis
225 2221 357 2286 Punica.
375 2219 438 2301 fide
459 2224 609 2310 ⁴,quam
634 2222 675 2287 ob
700 2245 862 2313 ea,‚quae
884 2222 1107 2313 praedicabat,
1131 2221 1228 2288 simul

153 2327 334 2393 Romanos.
349 2343 382 2393 et
411 2327 583 2393 Numidam
607 2352 664 2419 spe
687 2319 776 2418 pacis
805 2329 981 2409 adtinuisse
995 2329 1228 2417 :„mnltumque¹

151 2458 226 2500 cum
249 2437 355 2501 animo
381 2460 439 2520 suo
461 2434 762 2518 volverelsolitum,
779 2437 974 2527 Jugurtham
991 2435 1162 2515 Romanis,
1185 2457 1228 2501 an

152 2542 200 2605 illi
225 2542 349 2607 Sullam
364 2543 519 2610 traderet:
540 2539 708 2609 libidinem
722 2558 734 2597 ⁵
748 2543 919 2612 advorsum
935 2566 1009 2629 nos,
1030 2557 1151 2609 metum
1166 2565 1229 2632 pro

151 2649 244 2714 nobis
269 2633 415 2722 suasisse,
905 2642 938 2724 ss

201 2756 342 2822 CXVII.
368 2758 472 2847 Igitur
495 2758 589 2824 Sulla
604 2760 787 2852 respondit,
807 2784 913 2850 patrea
928 2785 961 2826 se
983 2783 1090 2831 eoram
1106 2764 1229 2846 Aspare

161 2864 363 2947 locuturum,
389 2883 494 2931 cetera
519 2870 664 2948 occulte,
687 2887 745 2934 aut
767 2872 879 2949 nullo,
902 2886 959 2933 not
982 2893 1078 2955 quam
1092 2869 1229 2953 panate-

156 2975 256 3038 sumis
286 2975 531 3060 praesentibus:
563 2976 660 3041 simul
683 2977 810 3058 edocet,
840 3000 924 3065 quae
946 2974 1193 3066 responderetur
1207 2975 1228 3033 ⁶.

152 3078 347 3168 Postquam,
370 3081 467 3147 sicuti
490 3083 682 3165 voluerant,
706 3083 982 3176 congressisdieit
1003 3107 1036 3148 se
1060 3084 1241 3153 missum⁴

152 3189 283 3252 consule
309 3194 442 3269 venisse,
466 3193 647 3277 quaesitum
671 3193 712 3256 ab
735 3217 787 3271 eo,
808 3216 921 3276 pacem
932 3240 942 3269 ,
957 3215 1008 3267 ‚an
1025 3189 1146 3254 bellum
1161 3189 1244 3274 agi-—

153 3310 282 3358 taturus
292 3297 393 3378 foret.
420 3298 513 3362 Tune
537 3320 603 3378 rex,
626 3298 675 3362 uti
698 3313 904 3387 praeceptum
924 3296 1040 3378 fuerat,
1053 3311 1128 3387 post
1143 3295 1240 3376 diem¹

87 3422 91 3427 ·
153 3401 318 3468 decimum
342 3402 446 3468 redire
457 3405 571 3500 jubet3
586 3427 624 3468 ac
648 3403 730 3468 nihil
746 3406 841 3470 eti'am
856 3428 944 3471 nune
964 3404 1158 3484 decrevisse,
1173 3401 1233 3490 sed

171 3564 189 3641 Ἰι
212 3583 298 3640 Idest:
321 3583 445 3642 Boccho.
710 3587 741 3644 ni
761 3587 912 3663 utriusque
954 3603 1003 3642 aee
1022 3586 1076 3663 agi.

174 3678 191 3715 a
213 3662 277 3717 Hoc
296 3659 362 3733 ideo
382 3673 415 3716 ut
427 3661 559 3721 ostendat
579 3681 609 3720 se
627 3663 672 3721 ni·
729 3664 747 3735 4
768 3664 917 3737 Punicast
939 3682 972 3718 es
975 3657 1136 3794 proverbio
1154 3655 1227 3716 cele-

152 3731 195 3792 hil
207 3738 295 3812 egisse
307 3727 494 3813 cum'Aspare
512 3739 605 3815 legato
617 3742 670 3797 Ju·
708 3740 792 3796 brata
812 3760 868 3828 pro
887 3738 974 3795 infide

152 3811 274 3885 gurthae
294 3812 328 3869 de
348 3813 382 3869 iis
401 3813 500 3881 rebus,
517 3815 672 3892 dequibus
728 3815 745 3872 5
767 3816 885 3875 Odium.

152 3886 228 3943 inter
249 3907 277 3944 se
297 3904 499 3959 convenerant.
727 3891 937 3966 6Attocaho,
956 3909 1054 3950 coram
1064 3884 1229 3968 Jugurlh'st

172 3959 254 4019 3Ne
272 3965 418 4041 ,Iugurtha
444 3969 584 4046 suspicari
602 3987 670 4047 pos·
708 3966 811 4048 legato·
853 3971 855 3975 ’
909 3975 913 3986 “
1045 3973 1077 3979 ”
1136 3971 1140 3976 ’
1203 3970 1205 3974 ⁴

155 4052 208 4111 eet,
229 4039 279 4099 sed
299 4053 332 4104 ut
350 4041 499 4116 rideretur
518 4046 558 4111 ds
573 4064 673 4112 comn-
747 4058 749 4062 ’
802 4042 813 4052 ”

987 3759 996 3793 s
1015 3750 1044 3794 et
1062 3734 1206 3818 insidiosa,
