2888 4748
194 1253 290 1409 Ex
309 1315 514 1401 communi
533 1321 769 1425 scriptorum
786 1304 981 1397 sententia
1002 1311 1164 1426 Crispus
1185 1314 1267 1397 Sal

192 1466 337 1549 Iustius
361 1470 467 1547 inter
489 1464 696 1547 historicos
709 1465 868 1543 Latinos
887 1467 1109 1571 principem
1132 1465 1267 1545 locum

193 1611 356 1720 obtinet.
376 1617 424 1694 ln
454 1642 500 1694 eo
529 1616 637 1692 enim
658 1614 828 1720 quisque
845 1613 1082 1693 inimitabile
1089 1613 1266 1715 vlocutio-

192 1766 254 1841 nis
280 1768 427 1872 genus,
455 1762 625 1867 elegans,
643 1755 853 1879 ¹pressum3
880 1777 920 1841 et
946 1761 1095 1840 roboris
1120 1761 1266 1868 plenis*

192 1911 338 1991 simum
355 1911 593 2010 admiratur3
612 1902 721 2016 qued
736 1927 889 2002 tamen,
910 1907 981 1987 uhi
995 1924 1057 1988 ‘res
1075 1904 1266 2015 postulat,

190 2059 418 2165 eloquentia
443 2087 525 2138 non
552 2075 668 2139 caret.
696 2057 808 2138 Nihil
834 2055 942 2165 apud
967 2060 1098 2165 ipsum
1120 2056 1265 2137 redun-

190 2207 281 2298 dat,
299 2223 346 2284 ut
365 2211 484 2285 etiam
505 2206 609 2286 nihil
627 2210 743 2314 friget
765 2225 805 2288 et
825 2208 1010 2315 languet3
1031 2207 1135 2285 nihil
1155 2205 1264 2313 quod

187 2353 327 2435 fucum
353 2352 471 2434 faciat
483 2387 495 2455 3
521 2355 621 2434 rude
647 2355 752 2432 nihil
778 2373 819 2434 et
845 2360 1082 2432 inornatum.

209 2496 213 2503 ’
242 2504 411 2587 Graver'n
430 2503 581 2610 ubique
601 2505 821 2596 sententiis,
834 2530 976 2608 magna
997 2519 1038 2580 et
1057 2505 1155 2582 seria
1174 2530 1260 2610 per·

189 2666 446 2757 sequentem,
477 2651 526 2728 ab
555 2649 745 2729 adulandi
764 2651 897 2730 studio
921 2651 1121 2745 alienum,
1150 2652 1274 2730 inda

187 2798 336 2903 gandae
356 2803 532 2883 veritatis
553 2827 684 2913 amere
704 2804 822 2880 unice
844 2799 1010 2881 ductum
1031 2803 1221 2883 invenies.

123 3012 127 3017 .
236 2952 285 3026 In
312 2952 398 3053 ejus
425 2965 560 3028 autem
590 2953 743 3057 seriptis
774 2977 876 3057 quae
902 2954 1172 3030 narrationum
1192 2976 1258 3030 va·

186 3101 322 3190 rictas,
341 3097 583 3203 jucnnditas,
603 3103 851 3205 ingenuitas?
867 3103 1030 3178 Summa
1049 3126 1143 3181 vero
1157 3125 1256 3206 ¹pru·

186 3244 319 3326 dentia
339 3263 380 3325 et
399 3251 584 3354 sagacitas
611 3251 654 3324 in
680 3252 817 3354 primis
848 3251 972 3328 enitet
1001 3252 1044 3324 in
1073 3277 1116 3326 ea
1144 3265 1256 3354 parte
1307 3324 1315 3348 ‚

182 3421 303 3502 quam
320 3404 510 3502 politicen
528 3414 690 3490 vocant,
711 3425 793 3476 non
811 3398 901 3478 vilis
922 3396 1084 3503 quidem
1106 3413 1145 3476 ct
1164 3396 1255 3475 suh·

128 3616 132 3625 .
183 3540 297 3635 dola,
326 3542 396 3622 sed
427 3543 571 3622 nobilis
601 3561 642 3622 et
669 3549 944 3650 magnanima,
976 3540 1067 3624 cuni
1099 3547 1251 3651 justitia

181 3714 336 3796 semper
356 3709 396 3770 et
413 3694 561 3774 virtute
581 3696 802 3799 conjuncta,

235 3839 472 3919 Sallustiana
493 3843 536 3917 in
556 3840 725 3920 dicendo
744 3843 915 3935 brevitas
935 3845 1032 3922 adeo
1052 3872 1249 3926 commen·

183 3985 296 4082 data,
322 3992 395 4079 site
417 4006 475 4072 est
493 3995 706 4102 praecipue
725 3997 769 4075 in
787 4020 928 4100 magna
948 4011 989 4074 et
1007 3995 1170 4077 mirifica
1189 4000 1248 4076 in·
