2888 4748
110 534 113 544 ·
189 516 252 582 mei
272 509 360 578 neeis
371 510 382 590 ,'
402 510 610 597 meorumque
634 511 833 574 miseriorum
849 506 957 596 g'raiis
985 530 1105 596 poenos
1132 509 1255 576 reddat:

188 620 261 688 lain
278 624 349 707 jam
361 620 492 704 frater,
518 621 625 681 animo
658 641 726 681 meo
757 619 953 697 carissume,
975 638 1171 704 quemquam
1195 617 1256 682 tili

187 734 345 795 inmaturo
358 776 368 806 ,
390 743 422 790 et
451 725 542 795 unde«
568 725 696 788 minime
725 722 852 803 decuit,
876 727 940 788 rito
969 741 1079 811 erepto
1107 718 1178 804 est3
1207 741 1256 790 τιι3

187 836 262 902 meri
282 835 468 900 laetandum
490 837 590 918 magis
600 873 610 912 9
634 856 730 919 quam
750 827 922 895 dolendum
936 847 1015 918 puto
1029 851 1138 918 casum
1153 847 1259 897 tuume

188 949 257 1009 Non
290 945 376 1009 enim
406 964 558 1028 regnum,
586 941 643 1005 sed
659 941 798 1026 fugam,
828 939 1001 1017 exsilium,
1024 951 1193 1026 egestatem
1222 950 1257 1005 et
1338 935 1342 938 ⁴

187 1054 289 1116 omnis
321 1052 378 1114 lias
391 1098 399 1128 ,
423 1072 505 1135 quoe
529 1072 578 1112 me
600 1062 770 1135 premunt,
793 1067 962 1111 aerumnas
986 1068 1058 1111 cum
1082 1051 1190 1112 animo
1212 1050 1256 1114 si·

187 1161 256 1224 mul
277 1159 421 1222 omisisti.
454 1160 495 1222 At
520 1180 576 1243 ogo
600 1158 719 1241 infelice
742 1163 776 1224 in
800 1170 892 1220 tanta
914 1157 1002 1220 mala
1023 1160 1256 1244 praecipitatus

187 1280 231 1332 coc
252 1267 360 1352 patrio
382 1288 499 1352 regno,
522 1288 628 1330 rerum
643 1265 856 1331 humanarum
871 1266 1090 1353 spectaculum
1103 1266 1257 1352 praeleoq

186 1371 326 1439 incertus
349 1370 428 1461 quid
449 1394 540 1461 agam
552 1416 562 1454 ,
585 1391 697 1440 tuasne
722 1367 857 1461 injurios
886 1398 1062 1461 persequor
1073 1413 1083 1453 5
1107 1377 1174 1460 ipse
1198 1368 1256 1437 au·v

186 1483 263 1546 milii
286 1503 401 1569 egens,⁴
431 1507 474 1546 an
505 1506 600 1568 regno
628 1485 815 1563 consulam,
838 1486 930 1567 cujus
961 1485 1041 1546 vitoe
1075 1477 1258 1568 necisque*
1295 1568 1297 1572 ,

184 1604 323 1676 potestas
350 1615 394 1655 eor
425 1590 537 1676 opibus
561 1591 676 1655 olienis
698 1591 826 1678 pendet.
861 1595 988 1656 Utinam
1020 1593 1119 1655 emori
1147 1592 1256 1674 sortu-

186 1699 236 1761 nis
258 1701 336 1763 meis
360 1698 507 1763 lonesms
531 1701 638 1763 exitus
661 1715 743 1763 esset
755 1712 769 1763 ε’
786 1723 827 1763 ne
850 1701 949 1764 uivere
972 1713 1149 1763 contemtus
1171 1697 1260 1766 rideo

186 1831 258 1887 rer,
279 1809 308 1871 si
330 1800 471 1901 descessus
494 1807 587 1870 malis
612 1808 750 1890 injuriae
774 1809 1023 1871 concessissem.
1041 1811 1134 1872 Nunc
1148 1818 1256 1891 neque

108 1932 111 1939 ’
188 1917 285 1979 rivere
309 1915 418 1993 lubet,
441 1919 545 2000 neque
567 1917 649 1978 inori
672 1914 748 1978 lieet
770 1916 838 1977 sine
862 1914 1023 1979 dedecore.
1049 1919 1084 1978 Ρ;
1114 1919 1147 1977 04
1158 1964 1169 1993 ,
1195 1930 1257 2000 per

167 2045 260 2116 uos,
281 2046 341 2107 per
363 2022 478 2085 liberos
490 2062 500 2100 ‚-
523 2037 619 2107 atque
641 2037 790 2107 parentes
815 2038 928 2085 vestros
939 2068 949 2100 ,
970 2046 1029 2108 per
1056 2025 1256 2096 maiestatem
1309 2048 1312 2052 ⁴

185 2127 299 2213 populi
326 2117 664 2208 Romani,subrenite
689 2129 769 2193 milri
791 2131 934 2193 misero:
958 2134 1001 2192 ite
1026 2128 1147 2193 obuiam
1172 2130 1257 2211 inju⁴
1296 2171 1300 2175 -

187 2237 255 2299 rioe
275 2260 284 2298 ε
307 2236 405 2300 nolite
434 2240 505 2323 pati
532 2261 663 2323 regnum
688 2237 881 2314 Matidiae,
904 2237 990 2323 qnod
1020 2252 1154 2300 restrum
1186 2228 1256 2313 est',·

183 2366 242 2428 per
264 2344 367 2408 scelus
391 2360 423 2409 et
444 2349 631 2432 sanguinem
645 2340 800 2430 familiae
825 2360 952 2408 nostrae
977 2344 1146 2406 tabescere.

231 2450 362 2516 XVIII.
387 2452 561 2541 Postquam
572 2474 631 2516 rex
645 2450 741 2515 finem
756 2449 909 2540 loquendi
924 2451 1010 2529 feeit,
1025 2451 1122 2538 legati
1134 2450 1257 2537 logum

185 2556 258 2620 thoe
272 2556 439 2645 largitione
454 2556 569 2645 magis,
581 2577 677 2647 quam
693 2579 805 2624 caussa
820 2557 904 2638 freti,
919 2557 1031 2648 paucis
1047 2556 1257 2646 respondente·

118 2709 122 2718 ·
186 2665 420 2748 Hiempsalem,
444 2665 481 2727 ob
498 2668 660 2730 soevitiam
675 2689 787 2744 suom,
810 2664 850 2728 al
867 2664 1014 2730 Numidis
1030 2665 1257 2748 interfectum!

186 2770 388 2835 Atherbalem
412 2773 495 2836 ultro
521 2772 640 2837 bellum
664 2769 849 2857 inferentem
862 2823 872 2852 ,
892 2789 1062 2860 postquam
1085 2787 1257 2859 superatus
1291 2824 1294 2828 »

185 2880 246 2957 sit,
269 2882 382 2966 queri,
405 2881 491 2966 quod
514 2884 666 2967 injuriam
678 2884 794 2967 faeere
818 2885 988 2968 nequisset.
1006 2881 1197 2968 Iugurtham
1212 2878 1258 2944 ab

184 3001 296 3049 senatu
326 3002 434 3073 petere
447 3037 457 3067 ,
484 3014 523 3052 ne
547 3011 580 3052 se
604 2991 705 3054 olium
726 3005 899 3076 putarent,
922 3015 961 3054 ae
976 2990 1180 3055 'Numantiae
1203 3010 1256 3050 co-

183 3095 288 3177 gnitus
318 3111 418 3174 esset3
448 3120 510 3159 neu
535 3096 628 3161 rerba
651 3099 775 3162 inimici
797 3099 987 3181 antefacta
1005 3113 1072 3160 sua'
1086 3107 1257 3181 ponerenn'

185 3199 311 3263 Deinde
325 3203 454 3291 utrique
472 3204 562 3267 curie
583 3205 798 3294 egrediunturs
825 3203 961 3269 Senatus
985 3203 1091 3268 stetim
1113 3199 1258 3268 consulis

184 3319 254 3370 tur:
270 3305 409 3371 fautores
424 3310 612 3397 legatorum,
627 3325 790 3401 praeterea
805 3333 920 3399 magna
935 3333 1010 3400 pers
1026 3311 1127 3400 gratia
1142 3309 1259 3400 cleptes«

143 3442 146 3450 ·
184 3413 457 3493 vata‚Atherhalis
472 3416 556 3480 dicta
572 3417 974 3506 contemnere3Jugurthse
990 3420 1142 3485 virtutem
1159 3416 1256 3481 extol*

183 3519 249 3584 lere
271 3520 446 3586 laudibus:
468 3523 593 3611 gratia,
615 3550 717 3609 voce,
740 3526 877 3613 denique
901 3527 1048 3590 omnibus
1070 3524 1174 3588 modis
1195 3545 1256 3611 pra

207 3749 331 3808 1'Idest:
347 3750 474 3825 Quando
486 3770 567 3808 mors
578 3768 644 3808 mea
656 3756 698 3809 oi·
737 3753 837 3810 taedio
860 3755 993 3829 defessus
1014 3757 1075 3807 vita
1097 3748 1256 3815 cederem,

185 3832 275 3902 taque
286 3831 317 3880 in
329 3829 431 3884 aliena
441 3848 529 3883 manu
542 3839 593 3884 est.
738 3831 856 3887 viderer
880 3851 944 3885 cum
968 3827 1130 3884 ulciscendi
1138 3827 1257 3901 fratris

205 3920 221 3957 2
241 3905 324 3956 Mori
344 3909 457 3960 utinam
485 3903 608 3960 honeste
630 3905 702 3960 lice·
739 3911 883 3984 regnique
905 3903 1105 3980 reeuperandi
1127 3902 1256 3958 studium

184 3989 251 4044 ret,
278 3979 333 4032 sed
363 4000 424 4035 non
455 3981 532 4036 licet.
562 3983 596 4036 Si
624 3985 702 4036 enim
740 3983 895 4056 abjecisse,
905 3991 964 4035 tum
976 3981 1130 4055 despectus
1142 3979 1179 4034 ab
1192 3995 1256 4036 omd

183 4053 347 4120 malorum,
364 4075 443 4130 quae
461 4075 507 4117 me
526 4062 701 4133 exagitant,
741 4059 826 4114 nibus
837 4067 961 4114 mortem
972 4059 1158 4134 oppetios'sse.
