2888 4748
238 319 282 410 ,a
526 314 562 381 c.
589 314 738 383 cntsrr
765 313 1007 384 struusru

233 471 357 537 nimum
372 467 441 560 ipse
457 466 496 532 de
511 490 545 532 se
559 467 658 560 loqui.
677 468 804 552 Quibus
819 469 915 536 rebus
931 469 1087 561 Micipsa,
1102 469 1229 539 tametsi
1247 469 1309 545 ini·

232 578 279 645 tio
293 579 396 642 laetus
411 576 534 657 fuerat,
558 577 753 644 existumans
769 577 790 642 J
793 576 951 666 ugurthae
965 577 1117 645 virtutem
1132 601 1232 670 regno
1247 604 1308 649 suo

232 685 353 776 gloriae
368 684 456 749 fore:
477 699 584 750 tanmn
599 700 771 775 postquam
785 683 949 751 hominem
964 684 1220 770 adulescentem,
1236 712 1307 755 exa·

232 807 284 859 cta
308 816 366 857 sua
389 805 508 873 aetate,
527 807 559 857 et
580 793 688 883 parvis
711 791 838 873 liberis,
853 792 953 881 magis
977 793 1144 883 magisque
1165 818 1308 864 crescere
1374 791 1376 795 ’

231 900 407 989 intellegit,
422 899 626 966 vehementer
641 924 679 966 eo
695 898 822 988 negotio
837 915 1017 990 permotus,
1032 902 1134 968 multa
1149 925 1225 969 cum
1239 905 1308 970 ani-

232 1032 286 1073 mo
303 1033 361 1073 suo
377 1006 532 1074 volvebat.
544 1007 698 1072 Terrebat
712 1029 786 1077 eum
801 1021 916 1071 natura
931 1006 1125 1089 mortalium,
1141 1010 1233 1076 avida
1249 1011 1307 1077 im-

229 1115 313 1208 perii
329 1130 361 1180 et
374 1138 527 1204 praeceps
543 1114 583 1179 ad
597 1113 785 1204 explendam
798 1113 898 1178 animi
909 1115 1114 1204 cupidinem:
1131 1131 1307 1207 praeterea,

231 1222 454 1314 obportunitas
471 1245 610 1311 suaeque
631 1236 663 1286 et
684 1221 858 1287 liberorum
874 1221 1004 1302 aetatis,
1020 1245 1103 1311 quae
1125 1223 1221 1289 etiam
1243 1248 1308 1291 me·

232 1329 351 1401 diocris
365 1329 451 1397 viros
468 1353 524 1420 spe
539 1328 675 1419 praedae
700 1343 898 1396 transvorsos
921 1329 1013 1418 agit:
1039 1329 1080 1395 ad
1101 1329 1182 1411 hoc,
1202 1332 1308 1400 studia
1405 1380 1407 1387 ι

231 1438 445 1503 Numidarum
460 1438 494 1501 in
510 1436 705 1526 Jugurtham
720 1459 873 1502 aceensa:
890 1460 928 1502 ex
944 1437 1080 1526 quibus,
1096 1437 1124 1502 si
1147 1439 1243 1504 talem
1262 1441 1309 1506 vi·

230 1569 305 1612 rum
321 1545 402 1610 dolis
417 1544 645 1626 interfecisset,
660 1567 700 1609 ne
716 1566 780 1633 qua
795 1543 909 1610 seditio
932 1558 990 1610 aut
1011 1544 1134 1610 bellum
1154 1546 1309 1629 oriretur,

232 1654 346 1719 anxius
363 1667 437 1716 erat.
1111 1717 1116 1723 ,

248 1795 256 1821 ι,
278 1761 356 1828 Vll.
382 1762 440 1825 His
456 1758 699 1826 difficultatibus
712 1757 1309 1850 circumventus,ubividet,nequeper

232 1868 421 1957 vim,neque
430 1868 555 1933 insidiis
564 1869 803 1959 obprimiposse
820 1867 983 1932 hominem
998 1882 1063 1933 tam
1077 1882 1309 1958 aceeptumpoo

231 1976 419 2068 pularibus3
438 1975 525 2065 quod
540 1990 608 2039 erat
622 1975 786 2064 Jugurtha
805 1999 904 2041 manu
928 1991 1073 2066 promtus
1095 1989 1127 2040 et
1157 1974 1309 2064 adpetens

232 2085 353 2176 gloriae
370 2082 527 2162 militaris,
543 2082 654 2147 statuit
669 2106 744 2148 eum
759 2083 918 2167 objectare
933 2082 1098 2172 periculis,
1111 2095 1142 2148 et
1157 2105 1195 2148 eo
1211 2081 1308 2147 modo

232 2191 395 2258 fortunam
408 2204 536 2256 tentare.
551 2189 653 2278 Igitur
667 2189 752 2254 hello
769 2188 965 2254 Numantino
981 2189 1149 2281 'Micipsa
1163 2212 1238 2255 cum
1252 2213 1310 2280 po·

231 2299 311 2389 pulo
328 2300 473 2363 Romano
489 2299 632 2386 equitum
647 2311 752 2387 ,atque
770 2296 917 2386 peditum
934 2297 1052 2361 auxilia
1067 2297 1225 2376 mitteret3
1239 2321 1310 2387 spe·

232 2429 309 2472 rans
325 2406 376 2474 vel
390 2405 576 2472 ostentando
592 2404 814 2486 virtutem,vel
825 2403 968 2470 hostium
980 2405 1112 2476 saevitia
1126 2401 1226 2470 facile
1236 2426 1311 2470 eum
1333 2480 1336 2486 ¹

234 2537 438 2594 occasurum,
454 2513 608 2602 praefecit
623 2513 788 2592 Numidis,
803 2536 884 2601 quos
900 2512 934 2576 in
950 2511 1140 2602 Hispaniam
1155 2512 1309 2585 mittebat.

236 2621 301 2686 Sed
313 2645 349 2685 ea
365 2644 415 2684 res
430 2621 525 2709 longe
541 2621 643 2700 aliter,
658 2634 798 2685 aeratus
814 2633 892 2700 erat,
907 2620 1020 2686 evenit.
1038 2619 1120 2685 Nam
1136 2620 1157 2684 J
1160 2619 1310 2710 ugurtha,

234 2740 273 2791 ut
287 2740 353 2790 erat
368 2725 494 2815 inpigro
512 2742 608 2818 atque
624 2720 690 2792 acri
706 2727 847 2816 iugenio,
861 2726 916 2791 ubi
931 2718 1078 2797 naturam
1087 2727 1124 2799 P.
1136 2726 1310 2817 Scipionis,

234 2831 374 2923 quitum
392 2834 545 2898 Romanis
561 2836 733 2924 imperator
749 2849 834 2915 erat,
855 2849 886 2898 et
900 2857 1021 2899 morem
1036 2834 1178 2900 hostium
1193 2855 1310 2923 cogno-

235 2940 302 3018 vit;
317 2941 417 3006 multo
438 2940 547 3005 labore
570 2942 733 3031 multaque
758 2966 855 3023 cura,
878 2957 1043 3031 praeterea
1067 2940 1309 3007 modestissume

235 3048 398 3138 parendo,
413 3063 444 3113 et
460 3045 554 3138 saepe
570 3049 696 3114 obviam
721 3048 827 3114 eundo
850 3049 1078 3138 periculis,.in
1101 3061 1221 3113 tantam
1246 3048 1310 3114 cla·

237 3156 410 3221 titudinem
433 3157 522 3223 brevi
546 3170 749 3247 pervenerat,
770 3169 807 3220 ut
830 3156 947 3222 nostris
970 3157 1173 3224 vehementer
1196 3180 1311 3237 carus,

237 3261 443 3329 Numantinis
467 3288 615 3330 maxumo
639 3262 753 3329 terrori
777 3278 867 3329 esset.
893 3264 942 3329 Ae
967 3289 1053 3345 sane,
1073 3264 1160 3354 quod
1184 3263 1310 3330 diffieil-

236 3369 362 3434 lumum
394 3371 428 3434 in
458 3371 570 3459 primis
595 3385 660 3452 est,
684 3387 715 3437 et
739 3372 861 3460 proelio
892 3385 1041 3437 strenuus
1064 3387 1131 3437 erat
1153 3373 1312 3437 othonus

238 3477 372 3544 consilio
392 3503 399 3541 :
425 3501 563 3567 quorum
588 3479 723 3550 alterum
740 3489 750 3512 ¹
765 3503 802 3545 ex
825 3478 1027 3569 providentia
1047 3479 1217 3571 timorem,
1237 3479 1311 3544 alte·
1358 3490 1364 3501 ‘

249 3652 425 3710 rNumantia
436 3651 506 3707 urbs
515 3651 671 3726 Hispaniae
681 3652 755 3706 Tar·
794 3653 957 3724 didicerint,
977 3654 1027 3729 qui
1051 3635 1215 3711 Numidiam
1236 3654 1311 3709 inter

238 3732 402 3788 laconeusis
413 3749 470 3784 non
478 3727 562 3804 longe
574 3729 689 3783 aDurio
702 3727 755 3782 llu-
794 3730 957 3787 Masinissae
972 3730 1112 3806 legitimos
1123 3728 1196 3786 filios
1208 3729 1311 3786 divlse·

240 3807 322 3866 mine,
338 3805 583 3861 Deletasuitanno
595 3804 629 3858 U.
643 3805 675 3862 C.
689 3805 753 3861 620.
793 3817 846 3862 rat.
867 3806 1011 3882 'Jugurtha
1043 3820 1112 3862 tuno
1142 3806 1321 3881 vigesimum

240 3882 348 3937 Marius
367 3881 397 3935 in
415 3879 515 3937 eodem
533 3882 659 3936 exercitu
672 3879 756 3935 simul
795 3882 929 3955 quintum
949 3902 1057 3938 annum
1077 3881 1188 3956 agebat.

239 3977 305 4031 curn
325 3957 363 4012 Ju
385 3957 468 4012 urtlra
488 3955 645 4023 militabat,
665 3955 704 4011 ita
724 3969 756 4012 ut
814 3956 926 4025 oldest,
936 3977 969 4013 co
992 3957 1085 4014 silium
1098 3970 1215 4046 generat
1226 3958 1313 4014 timo-

241 4033 326 4088 aurito
337 3977 404 4088 bdti
416 4047 506 4089 artem
519 4033 555 4089 ab
564 4030 756 4109 illo'Scipione
794 4052 855 4089 reru
866 3979 993 4112 periculis
1006 4033 1210 4110 praevidendo.
