2888 4748
256 343 319 423 154
446 315 449 322 '
548 340 584 404 o.
610 336 759 404 emsrr
784 333 1025 405 satiusru

298 495 351 559 CI.
377 493 480 583 Igitur
504 491 617 569 Sulla,
641 488 687 555 uti
718 513 815 579 supra
843 487 964 554 dietum
991 503 1057 569 est,
1086 504 1256 580 postquam
1280 494 1314 560 iu

250 603 410 682 Africam,
425 614 520 688 atque
543 599 587 677 in,
601 612 704 663 eastra
728 596 824 661 Marii
848 620 921 661 cum
946 597 1089 685 equitatu
1104 599 1209 679 venit,
1224 602 1313 667 rudis

247 726 340 776 autea
371 722 403 774 et
426 709 555 798 ignarus
578 705 672 786 belli,
695 705 944 770 sollertissumus
969 703 1111 769 omnium
1134 705 1168 769 in
1200 709 1313 796 paucis

246 818 486 908 tempestatibus
510 815 613 879 faetus
644 827 699 878 est.
731 812 786 876 Ad
804 812 866 878 hoc
894 811 1011 876 milites
1041 812 1176 902 benigne
1207 814 1316 904 adpel-

245 927 330 990 lare:
354 925 462 990 multis
488 921 692 1012 rogantibus,
714 921 785 986 aliis
809 944 866 1009 per
890 943 923 985 se
950 920 1019 1009 ipse
1042 920 1117 985 dare
1140 920 1311 1003 beneficia,

244 1033 365 1100 invitus
389 1030 545 1120 accipere3
569 1029 624 1096 sed
640 1052 676 1094 ea
691 1011 927 1119 properantius,
944 1052 1040 1118 quam
1056 1052 1107 1094 aes
1124 1043 1270 1095 mutuum
1287 1034 1313 1111 ¹,

201 1212 206 1221 ¹
239 1139 391 1217 reddere,
415 1139 484 1227 ipse
509 1137 548 1202 ab
564 1137 653 1202 nullo
677 1151 838 1227 repetere:
862 1138 962 1226 magis
977 1137 1012 1202 id
1034 1139 1193 1220 laborare,
1212 1155 1249 1205 ut
1263 1141 1311 1204 illi

240 1270 337 1338 quam
360 1246 492 1336 plurimi
516 1246 686 1311 deberent:
710 1247 782 1328 joca
806 1260 901 1334 atque
925 1244 1007 1311 seria
1022 1269 1096 1311 cum
1112 1247 1310 1317 humillumis

239 1377 353 1443 agere:
377 1353 412 1418 in
442 1354 610 1444 operibus,
640 1354 674 1417 in
706 1353 832 1443 agmine
860 1368 954 1442 atque
978 1353 1019 1417 ad
1042 1355 1165 1443 vigilias
1190 1361 1311 1428 multus

239 1462 366 1528 adesse:
390 1484 494 1551 neque
517 1462 664 1542 interim,
689 1461 777 1550 quod
799 1484 897 1551 prava
925 1462 1055 1526 ambitio
1077 1473 1087 1497 ¹
1112 1464 1211 1547 solet,
1235 1492 1311 1533 con·

240 1571 319 1637 sulis
351 1585 406 1635 aut
438 1575 630 1660 cujusquam
661 1569 738 1633 boni
769 1568 885 1633 famam
908 1568 1056 1635 laedere:
1089 1576 1308 1641 tantummodo

238 1701 346 1767 neque
370 1678 523 1758 consilio,
547 1699 651 1767 neque
673 1699 771 1741 manu
795 1677 934 1766 priorem
959 1679 1057 1743 alium
1080 1682 1166 1768 pati;
1190 1683 1308 1770 pleros-

242 1808 306 1873 que
329 1785 520 1852 antevenire.
546 1785 672 1867 Quibus
694 1785 790 1849 rebus
813 1798 845 1850 et
867 1784 989 1850 artibus
1012 1786 1101 1853 brevi
1126 1788 1229 1853 Mario
1251 1790 1310 1854 mi-

240 1891 413 1981 litibusque
433 1894 629 1958 carissumus
652 1892 764 1957 faetus.

287 2000 361 2064 Gll.
387 1999 433 2064 At
448 1999 626 2088 Jugurtba,
641 2014 812 2089 postquam
827 2000 984 2091 oppidum
1010 2001 1146 2092 Capsam
1166 2003 1309 2093 aliosque

239 2108 328 2173 locos
360 2107 501 2173 munitos
532 2123 563 2172 et
592 2108 654 2173 sibi
677 2108 766 2172 utilis
797 2107 893 2172 simul
917 2123 948 2174 et
971 2131 1118 2198 magnam
1140 2113 1311 2200 pecuniam
1384 2197 1386 2202 Ι

239 2215 407 2293 amiserat3
431 2214 472 2278 ad
495 2213 659 2278 Bocchum
683 2213 820 2278 nuncios
847 2215 963 2295 mittit,
992 2218 1252 2307 quamprimum
1275 2221 1309 2283 in

147 2327 150 2333 '
239 2321 424 2387 Numidiam
440 2322 548 2411 copias
565 2321 746 2386 adduceret:
762 2321 877 2411 proelii
892 2321 1033 2387 faciundi
1049 2339 1175 2416 tempus
1191 2326 1308 2392 adesse.

240 2431 345 2513 Quem
368 2430 425 2494 ubi
451 2429 595 2494 cunctari
620 2429 761 2519 aceepit,
776 2428 910 2494 dubium
930 2431 1006 2496 belli
1030 2446 1124 2520 atque
1148 2434 1236 2522 pacis
1259 2457 1309 2497 ra-

238 2537 341 2604 tiones
372 2536 516 2602 trabere:
547 2559 677 2617 rursus,
706 2536 755 2602 ori
786 2552 893 2618 antea,
914 2562 1086 2628 proxumos
1117 2544 1186 2624 ejus
1216 2541 1309 2606 donis

222 2645 440 2743 ,girumpitz
470 2643 598 2733 ipsique
630 2645 748 2709 Mauro
776 2643 948 2734 pollicetur
979 2647 1149 2712 Numidiae
1186 2664 1309 2739 partem

240 2751 383 2833 tertiam,
407 2751 436 2817 si
459 2767 515 2817 aut
538 2752 675 2816 Romani
691 2751 804 2817 Africa
828 2753 968 2843 expulsi,
991 2770 1063 2836 aut,
1086 2755 1217 2844 integris
1242 2755 1309 2819 suis

238 2855 375 2940 finibus,
389 2857 510 2924 bellum
525 2861 737 2949 compositum
751 2860 840 2926 foret.
859 2862 908 2926 Eo
923 2862 1066 2951 praemio
1082 2863 1306 2926 inlectusBoc·

237 2965 335 3046 ebus,
359 2989 432 3031 eum
448 2989 562 3056 magna
577 2967 781 3033 multitudine
797 2969 818 3032 J
821 2968 992 3056 ugurtham
1008 2967 1141 3033 adsedit.
1158 2969 1224 3048 lta,
1242 2991 1306 3033 am·
1353 2957 1354 2960 ¹

239 3073 354 3139 borum
377 3075 515 3140 exercitu
539 3079 726 3159 conjuncto,
743 3075 883 3138 Marium
907 3078 972 3158 jam
995 3076 1029 3139 in
1053 3073 1187 3139 hiberna
1210 3074 1307 3164 profi·

240 3182 430 3263 eiscentem,
453 3183 506 3251 vix
529 3184 652 3248 decima
674 3197 764 3272 parte
789 3182 840 3245 die
875 3181 1022 3270 ,treliqua
1049 3182 1222 3262 invadunt,
1246 3184 1307 3246 rati

239 3305 490 3382 noctem,zquae
512 3295 578 3378 jam
601 3283 727 3375 aderat,
749 3292 842 3358 vietis
866 3291 927 3355 sibi
943 3291 1142 3356 munimento
1166 3290 1254 3368 sore,
1277 3304 1308 3353 et

239 3521 300 3596 qui,
313 3533 459 3579 contracto
471 3522 605 3590 exercito,
616 3522 649 3578 C.
661 3520 752 3578 Mario
791 3521 835 3578 sui
854 3533 962 3579 metum
981 3520 1129 3577 incuteret.

237 3597 370 3668 favebat,
397 3600 505 3657 vietum
533 3597 657 3654 oceidit:
688 3599 756 3654 item
816 3618 827 3652 1
851 3598 926 3667 Quia
938 3596 1027 3672 magis
1039 3595 1143 3652 debere
1164 3612 1199 3648 ex
1218 3591 1306 3645 bene-

239 3673 273 3728 C.
287 3674 451 3731 Carbonem
470 3686 498 3731 et
517 3674 640 3729 Marium
658 3674 753 3749 junio·
792 3672 876 3737 ficio,
897 3693 985 3748 quam
1004 3693 1039 3730 ex
1059 3682 1160 3726 mutuo
1188 3679 1307 3741 accepto

238 3750 754 3819 rem.Postremo,omnibusdevictis,
793 3749 953 3807 videb'atur.
1214 3816 1219 3830 .
1262 3817 1267 3828 Ι

238 3824 431 3882 crudelissime
462 3845 490 3883 se
520 3827 628 3882 Romae
648 3826 750 3900 gessit,
809 3825 1152 3889 aBonaenimest,cum
1170 3837 1234 3893 quis
1247 3837 1306 3873 sine

239 3903 363 3957 maximo
378 3903 482 3960 eirium
500 3920 621 3958 numero
639 3901 686 3960 vel
704 3922 755 3958 ne·
794 3901 915 3976 alicujus
924 3899 1093 3956 detrimento
1105 3897 1209 3952 famam
1218 3912 1305 3971 quae·

239 3988 320 4043 cato,
339 3977 386 4035 vel
404 3977 434 4033 in
454 3977 571 4035 exilium
587 3990 650 4035 aeto
660 4001 668 4046 ;
687 3997 753 4035 eum
790 3979 836 4037 rit.

238 4069 276 4119 ne
296 4054 392 4112 amicis
411 4052 527 4131 quidem
545 4066 693 4133 parceret,
717 4065 750 4112 ut
807 4051 825 4111 3
845 4050 937 4110 Idest:
958 4049 1027 4117 diei.
