2888 4748
541 481 809 591 ORATIO

406 715 954 849 uru1u1rr1

585 933 624 976 IN
644 933 770 977 settara

456 1124 651 1192 CONTRA
681 1127 904 1194 LEPIDUM

196 1389 402 1505 [Marcus
418 1429 550 1510 vellem,
566 1429 602 1495 P.
621 1429 677 1512 C.‚
692 1430 936 1521 Rempublicam
961 1421 1101 1519 quietam
1117 1425 1205 1511 esse,

146 1543 250 1610 autin
265 1539 679 1629 periculisapromtissumc
696 1560 823 1628 quoque
839 1537 1207 1630 defendi,deniquepra·

144 1639 185 1718 ta
199 1649 348 1738 incoepta
362 1646 598 1712 consultoribus
612 1669 713 1711 noxae
729 1669 804 1711 esse.
823 1644 888 1710 Sed
903 1659 1029 1727 contra,
1046 1643 1209 1710 seditioni·

135 1754 204 1819 bus
221 1755 327 1819 omnia
343 1753 468 1818 turbata
484 1765 569 1831 sunt,
584 1765 615 1815 et
630 1751 670 1814 ab
684 1751 743 1831 iis,
757 1774 839 1839 quos
854 1750 1024 1839 prohibere
1039 1752 1140 1840 magis
1155 1751 1206 1818 de·

145 1862 244 1926 cebat.
262 1861 445 1938 Postremo,
461 1881 544 1946 quae
558 1855 700 1944 pessumi
715 1870 746 1920 et
761 1854 951 1920 stultissumi
967 1855 1153 1938 decrevere,
1168 1881 1207 1923 ea

134 1966 236 2030 bonis
251 1978 282 2029 et
298 1964 493 2051 sapientibus
509 1960 659 2025 faciunda
668 1976 754 2026 sunt·
768 1961 850 2027 Nam
864 1961 985 2026 bellum
998 1977 1093 2050 atque
1109 1986 1208 2046 arma,

40 2159 42 2162 Α
136 2092 337 2160 7(Ῑιιὲιῐηῳηιῐη
352 2068 441 2134 vobis
462 2067 584 2148 invisa,
605 2081 711 2134 tamen
743 2068 819 2158 quia
843 2068 965 2158 Lepido
987 2069 1131 2158 placent,
1155 2093 1205 2134 su·

142 2177 257 2260 menda
274 2191 356 2242 sunt.
373 2173 443 2240 Nisi
457 2173 539 2242 forte
553 2173 607 2242 cui
627 2197 739 2268 pacem
761 2189 923 2267 praestare
953 2189 985 2243 et
1007 2175 1127 2242 bellum
1140 2175 1208 2265 pati

102 2326 103 2330 =
143 2285 316 2351 consilium
332 2267 394 2351 est.⁴
874 2287 877 2291 ’

190 2394 232 2457 11.
256 2393 319 2457 Pro
344 2393 389 2458 dii
409 2390 505 2477 boni,
521 2392 577 2484 qui
592 2398 601 2424 ¹
617 2392 700 2460 hanc
715 2391 846 2475 urbem,
861 2393 978 2460 omissa
993 2416 1081 2474 cura,
1099 2392 1204 2458 adhuc

143 2500 252 2590 regitis
265 2527 274 2578 3
290 2501 333 2564 M.
351 2500 526 2582 Aemilius,
541 2502 684 2567 omnium
699 2500 928 2591 flagitiosorum
942 2504 1132 2590 postremus,
1148 2499 1205 2588 qui

136 2611 234 2700 pejor
250 2628 290 2671 an
310 2607 456 2696 ignavior
480 2609 521 2674 sit
543 2608 711 2673 deliberari
732 2631 797 2673 non
818 2622 939 2698 potest,
961 2607 1202 2696 exercitumop·

142 2713 332 2803 primuudae
346 2715 499 2780 libertatis
514 2715 627 2798 habet,
642 2731 675 2780 et
690 2738 723 2780 sc
739 2739 756 2780 e
772 2729 929 2780 contemto
945 2714 1152 2779 metuendum
1161 2713 1204 2779 ef·

142 2818 243 2886 fecit:
267 2844 324 2887 vos
344 2835 523 2887 mussantes
545 2837 576 2887 et
599 2835 803 2888 retractantes
824 2822 928 2890 verbis
956 2837 987 2888 et
1008 2836 1117 2890 vatum
1136 2845 1203 2887 car·

143 2928 284 2994 minibus
300 2951 412 3018 pacem
427 2928 541 3018 optatis
564 2930 664 3018 magis
686 2951 782 3018 quam
796 2927 975 2994 defenditis:
992 2950 1096 3018 neque
1111 2929 1203 2994 iutel-

141 3035 271 3125 legitis‚
295 3035 428 3100 mollitia
451 3035 651 3101 decretorum
671 3035 987 3136 vobissdignitatem
1010 3036 1058 3098 illi
1080 3050 1202 3100 metum

141 3141 272 3205 detrahi.
290 3141 397 3231 Atque
413 3142 446 3206 id
461 3147 531 3226 jure
544 3170 551 3208 :
568 3144 720 3232 quoniam
735 3167 772 3207 ex
786 3143 908 3232 rapinis
924 3143 1144 3224 consulatum,
1159 3144 1200 3207 ob

140 3246 325 3313 seditionem
339 3249 537 3335 provinciam
562 3273 636 3314 cum
658 3249 795 3335 exercitu
819 3249 951 3339 adeptus
967 3248 1022 3314 est.
1040 3250 1127 3333 Quid
1142 3251 1197 3313 ille

80 3373 82 3377 ·
141 3354 182 3417 eb
196 3350 360 3417 benefacta
375 3355 521 3442 cepisset,
537 3359 629 3438 cujus
643 3355 813 3420 sceleribus
828 3348 916 3421 tanta
931 3358 1071 3444 praemia
1087 3357 1197 3421 tribui-

139 3460 218 3531 stis?
241 3458 286 3524 At
307 3458 428 3524 scilicet
456 3461 497 3541 ii,
519 3462 576 3548 qui
591 3461 631 3525 ad
645 3476 841 3550 postremum
864 3487 966 3552 usque
988 3465 1128 3552 legatos,
1142 3487 1198 3551 pa-

138 3591 218 3649 cem,
233 3567 435 3633 concordiam
458 3583 489 3633 ct
510 3567 572 3632 alia
585 3567 808 3654 hujuscemodi
824 3571 1048 3650 decreverunt,
1064 3570 1198 3659 gratiam

159 3799 242 3872 rQui
251 3797 287 3856 ad
294 3797 509 3876 patres,n0nad
525 3798 645 3857 deosre·
685 3803 719 3858 Si
737 3805 812 3856 euim
822 3799 939 3878 aliquid
946 3799 1037 3858 studii
1047 3800 1197 3874 Reipubli-

138 3873 239 3944 lertur,
257 3877 338 3951 quasi
355 3875 479 3935 dicerem.
498 3876 559 3933 Vos
570 3875 658 3941 allo-,
683 3897 738 3933 cae
747 3878 885 3951 fuisset,
904 3874 1055 3951 prouisum
1072 3886 1196 3948 essetne

139 3961 344 4027 quor'patres,
362 3955 413 4028 qui
429 3952 647 4026 Rempublicam
684 3956 728 4013 M.
740 3953 883 4011 Aemilius
902 3971 943 4007 ec.
1027 3983 1029 3986 <

138 4026 252 4102 absque
263 4027 325 4083 ulla
336 4046 409 4084 cura
425 4029 650 4111 administratis.-
