2888 4748
404 336 592 403 BELLUM
617 333 957 401 JUGURTHINUM
1112 415 1116 423 ἢ
1152 337 1213 403 ι55

144 491 172 557 si
203 487 367 567 vicissent,
395 487 484 551 nullo
516 486 763 575 impedimento,
794 486 869 574 quin
900 487 1044 550 locorum
1077 485 1213 555 scientes

145 611 253 662 erant:
278 610 387 660 contra
403 594 556 658 Romanis
580 607 752 682 utrumque
776 615 886 657 casum
909 593 942 657 in
967 594 1106 658 tenebris
1130 594 1212 659 diffi-

46 760 52 765 ,
146 706 288 772 ciliorem
312 703 388 766 fore.
411 701 515 790 Igitur
531 701 627 765 simul
643 700 756 766 consul
771 722 808 764 ex
824 701 932 766 multis
948 700 1142 765 dehostium
1159 702 1211 766 ad-

144 827 242 880 ventu
259 810 423 900 cognovit:
440 823 471 873 et
493 808 555 897 ipsi
571 807 677 872 hostes
694 807 843 872 aderant:
860 823 891 872 et
910 807 999 896 prius
1015 831 1111 897 quam
1127 831 1211 872 exer-

144 919 226 984 citus
243 933 298 983 ant
313 917 440 996 instrui,
456 928 511 979 aut
526 915 666 981 sarcinas
682 915 831 1004 colligere
842 933 863 995 ¹,
878 915 1026 1003 denique,
1042 929 1211 1004 antequam

78 1053 88 1057 ²
146 1027 274 1114 signum
290 1039 345 1089 aut
359 1021 530 1111 imperium
545 1022 648 1087 ullum
665 1023 808 1112 accipere
825 1023 938 1110 quivit,
959 1023 1080 1109 equites
1102 1022 1209 1086 Mauri

146 1149 242 1222 atque
259 1129 387 1195 Gaetuli
405 1151 469 1192 non
486 1130 572 1207 acie,
592 1152 695 1218 neque
710 1129 777 1194 ullo
793 1152 881 1194 more
897 1130 1026 1218 proelii,
1043 1129 1098 1194 sed
1113 1145 1211 1196 cater-

144 1241 272 1318 vatim·,
284 1236 332 1303 uti
340 1259 483 1326 quosque
498 1235 564 1300 fors
580 1237 834 1326 conglobaverat,
841 1237 876 1300 in
891 1251 1015 1301 nostros
1031 1236 1208 1302 incurrunt.

145 1347 210 1430 Qui
226 1367 334 1409 omnes
349 1342 466 1433 'trepidi
481 1342 645 1432 inproviso
660 1359 759 1424 metu,
775 1366 811 1408 ac
827 1353 933 1408 tamen
948 1344 1076 1410 virtutis
1092 1366 1209 1409 memo-

145 1479 211 1534 res,
228 1467 282 1518 aut
299 1474 386 1516 arma
402 1450 584 1540 capiebant,
600 1465 655 1515 aut
671 1451 824 1539 capientis
846 1451 925 1515 alios
941 1451 980 1514 ab
996 1450 1141 1515 hostibus
1157 1452 1209 1516 de-

143 1561 319 1627 fensabant:
335 1582 409 1649 pars
425 1582 524 1646 equos
541 1557 720 1637 escendere,
731 1557 856 1623 obviam
871 1558 918 1622 ire
927 1557 1085 1623 hostibus:
1101 1583 1209 1648 pugna

144 1667 310 1732 latrocinio
334 1664 452 1754 magis,
476 1687 571 1753 quam
598 1666 721 1754 proelio
746 1665 858 1729 similis
871 1663 970 1729 lieri:
1000 1666 1067 1731 sine
1092 1667 1209 1756 signis,

144 1777 211 1841 sine
226 1775 390 1840 ordinibus
407 1773 545 1860 equites,
559 1770 681 1860 pedites
696 1772 856 1859 permisti:
873 1772 1003 1836 caedere
1020 1774 1111 1852 alios,
1128 1775 1209 1840 alios

144 1885 352 1949 obtruncare:
376 1879 510 1958 multos,
533 1892 643 1942 contra
667 1878 815 1942 adversos
832 1900 995 1945 acerrume
1010 1881 1208 1970 pugnantes,

144 1991 183 2054 ab
206 2004 293 2076 tergo
317 1984 564 2052 circumvenire:
581 2006 684 2072 neque
699 1984 819 2064 virtus,
841 2007 944 2074 neque
969 2010 1055 2051 arma
1071 1988 1146 2052 satis
1162 2003 1207 2054 te-

145 2119 236 2185 gere3
259 2094 335 2183 quia
358 2093 464 2157 hostes
488 2113 620 2156 numero
649 2091 757 2181 plures
787 2107 817 2157 et
848 2093 991 2182 undique
1022 2094 1209 2160 circumfusi

147 2216 243 2267 erant„
269 2201 417 2288 Denique
442 2199 579 2263 Romani
602 2215 722 2266 veteres
746 2201 885 2288 novique
899 2199 924 2281 ³,
948 2216 978 2266 et
1001 2202 1041 2266 ob
1057 2224 1093 2265 ea
1110 2203 1209 2266 scien-

145 2325 193 2374 tes
216 2308 310 2389 belli,
334 2306 361 2372 si
385 2331 464 2396 qnos
487 2307 577 2373 locus
602 2323 657 2372 aut
679 2332 772 2374 casus
797 2312 1021 2391 conjunxerat,
1047 2309 1140 2372 orbes
1164 2308 1209 2372 fa·

146 2439 235 2481 cere:
260 2430 354 2503 atque
378 2415 422 2479 ita
446 2415 486 2478 ab
515 2415 662 2478 omnibus
693 2415 837 2503 partibus
866 2415 962 2479 simul
990 2416 1065 2480 tecti
1101 2431 1132 2480 et
1163 2416 1212 2480 ina

147 2523 279 2601 structi,
303 2521 443 2585 hostium
466 2521 531 2586 vim
556 2522 783 2586 sustentabant.

194 2627 282 2692 Glll.
307 2626 418 2716 Neque
440 2628 475 2691 in
498 2652 535 2693 eo
558 2642 623 2692 tam
647 2653 758 2719 aspero
782 2631 908 2719 negotio
926 2631 1048 2696 Marius
1065 2629 1211 2712 territus,

146 2752 206 2803 aut¹
225 2735 344 2824 magis,
369 2758 464 2823 quam
488 2749 597 2816 antea,
616 2735 751 2800 demisso
768 2739 873 2802 animo
889 2738 969 2816 fuit3
985 2739 1041 2803 sed
1056 2761 1130 2804 cum
1145 2754 1210 2804 tur-

147 2869 199 2910 ma
223 2867 296 2923 sua,
320 2864 416 2931 quam
441 2865 478 2906 ex
496 2842 687 2908 fortissumis
703 2845 818 2932 magis,
834 2868 928 2932 quam
944 2845 1210 2912 familiarissumis

146 2965 329 3042 paraverat,
348 2949 456 3038 vagari
471 2951 609 3039 passim3
633 2974 670 3015 ac
693 2952 787 3015 modo
810 2952 1027 3018 laborantibus
1052 2955 1118 3018 suis
1140 2972 1210 3017 suc:

148 3082 289 3139 currere,
314 3058 406 3122 modo
430 3058 545 3138 hostis,
568 3058 625 3122 ubi
649 3057 882 3123 confertissumi
903 3061 1107 3139 obstiterant,
1122 3061 1211 3126 inva-

148 3167 240 3231 dere:
264 3190 361 3230 manu
385 3165 551 3231 consulere
573 3166 747 3247 militibus,
776 3166 927 3254 quoniam
955 3168 1111 3257 imperare
1136 3191 1210 3233 con·

172 3367 182 3402 t
208 3347 237 3403 si
257 3345 326 3402 dum
345 3346 399 3402 lter
415 3346 582 3415 haberetur,
602 3346 661 3402 Ro·
699 3345 837 3421 gerebant
848 3347 950 3424 eptein
961 3348 1121 3419 itineribus,
1133 3361 1177 3418 ut,
1189 3351 1211 3405 si

150 3424 242 3480 nranis
261 3422 450 3500 pugnandum
475 3437 555 3491 erat,
575 3423 661 3479 sarci·
700 3441 769 3478 usus
781 3423 867 3493 foret,
885 3424 1002 3500 abjectis
1020 3425 1150 3492 sarcinis,
1163 3445 1212 3482 ex-

150 3521 203 3557 nae
216 3499 387 3576 plerumque
407 3499 436 3553 in
456 3499 580 3554 medium
594 3519 662 3554 con·
700 3498 789 3575 pediti
800 3498 941 3576 proelium
952 3500 1023 3557 inire
1058 3513 1159 3558 ossent.

149 3577 322 3634 serebantur.
337 3574 470 3630 Sarcinas
482 3589 585 3642 autem,
598 3576 659 3630 Ma·
719 3593 734 3630 a
757 3577 822 3633 Sine
842 3577 942 3634 ordine
961 3591 990 3635 et
1009 3522 1130 3633 delectu.

149 3653 184 3708 rii
203 3651 370 3729 praesertim
382 3662 483 3719 aetate,
495 3671 511 3705 a
522 3649 660 3708 militibus
717 3650 735 3707 3
747 3653 868 3709 Romani
878 3666 986 3712 veteres
995 3652 1135 3726 novique,
1145 3651 1211 3726 [qni

149 3729 356 3803 portabantur,
374 3725 470 3801 plenae
493 3747 528 3782 ue
539 3727 569 3781 in
581 3727 663 3782 fasci·
702 3728 741 3784 ob
761 3729 790 3784 id
810 3729 888 3804 quod
900 3731 1142 3804 conjungerentur
1161 3749 1210 3785 ve-

150 3803 229 3858 culos
241 3814 354 3879 aptatae
366 3815 394 3858 et
410 3747 529 3857 furcillis
546 3802 663 3878 imposi-
703 3804 812 3862 teribus
831 3806 911 3862 facile
922 3825 1030 3861 morem
1042 3801 1157 3860 militiae
1169 3803 1212 3861 di-

149 3889 201 3935 tae.
223 3878 258 3932 In
278 3878 395 3935 sarcinis
415 3891 496 3934 erant
517 3877 622 3934 cibaria
635 3890 663 3935 et
702 3881 839 3956 scebant]
861 3883 883 3938 si
903 3900 976 3956 quos
996 3898 1079 3938 casus
1091 3882 1212 3955 conjun-

152 3972 226 4026 quae
246 3951 283 4007 ad
302 3974 334 4010 ea
352 3956 541 4030 pertinerent,
561 3967 622 4010 tum
635 3975 664 4011 e·
703 3970 794 4027 xerat,
807 3957 891 4018 orbes
911 3957 1060 4026 faciebant,
1079 3955 1215 4034 paratiin

150 4028 219 4085 tiam
231 4029 364 4089 utensilia
376 4031 515 4092 militaria.
528 4032 616 4091 Arma
627 4031 667 4090 ita
706 4035 784 4092 omni
802 4045 884 4112 parte
904 4033 1044 4097 adversus
1058 4031 1177 4093 hostem.
