2888 4748
246 319 291 384 ’3ο
538 311 574 375 C.
601 309 751 375 CRISPI
778 305 1023 373 SALLUSTII

246 467 334 554 plius
358 464 466 529 domos
489 457 699 541 c'ontinuare;
718 461 808 525 nobis
826 461 926 525 larem
939 452 1144 544 familiarem
1162 480 1322 545 nusquam

249 574 353 638 ullum
373 575 464 636 esse?
481 588 553 634 cum
577 569 706 635 tabulas
730 574 761 649 ¹,
787 572 878 655 signa
899 581 931 648 ‘,
955 582 1134 632 toreumata
1156 580 1168 619 ³
1190 584 1324 647 emunt3

249 705 331 746 noro
354 680 488 742 diruunt
504 676 535 757 ⁴,
558 678 627 741 alio
650 677 845 762 aedificant,
865 692 1024 763 postremo
1050 673 1196 740 omnibus
1220 675 1324 738 modis

248 790 419 876 pecuniam
444 785 596 865 trahunt,
620 801 765 865 reaont3
790 801 896 849 tomen
925 809 1050 848 summa
1073 783 1217 847 lubidine
1243 784 1255 821 ⁵
1275 783 1324 872 ‘ll‘

249 899 341 960 vitias
366 897 488 958 vincere
511 909 684 980 nequeunt.
709 897 750 958 At
783 893 875 958 nobis
899 909 947 958 est
974 893 1061 956 domi
1087 893 1218 978 inopia,
1235 891 1326 976 foris

250 1028 306 1069 aes
329 1004 493 1066 alienum:
510 1002 598 1065 mola
613 1027 685 1082 reo,
701 1024 773 1088 spes
792 1002 892 1066 multo
910 1003 1061 1087 asperior.
1080 984 1225 1086 D‘enique
1242 997 1324 1085 quid

249 1113 370 1198 reliqui
391 1110 545 1174 habemus
558 1160 567 1190 ,
588 1126 718 1196 praeter
741 1112 890 1173 miseram
913 1111 1082 1174 animam?
1113 1109 1197 1189 Quin
1225 1108 1323 1192 igitur

250 1220 543 1306 expergiscimini?
566 1222 617 1282 En
646 1217 707 1281 illa
719 1267 730 1297 ,
753 1218 832 1298 illa,
856 1242 953 1304 quam
976 1241 1072 1303 saepe
1100 1216 1255 1301 optastis,
1282 1214 1323 1278 li-

250 1328 354 1391 bertus
366 1356 376 1406 ;
397 1339 566 1413 praeterea
584 1326 719 1391 divitiae
731 1377 741 1407 ,
769 1326 887 1404 decus,
912 1325 1018 1412 gloria
1040 1326 1075 1388 in
1099 1323 1202 1387 oculis
1225 1315 1236 1352 ⁶
1258 1323 1324 1386 sita

248 1451 330 1499 sunt.
355 1441 498 1499 Fortuna
522 1459 561 1499 eo
586 1437 694 1499 omnio
724 1433 892 1499 victoribus
919 1434 1067 1520 praemia
1092 1431 1222 1518 posuit;
1249 1454 1323 1511 res,

249 1559 372 1630 tempus
384 1594 393 1623 ,
415 1543 562 1630 pericula
575 1593 585 1623 ,
608 1560 750 1629 egestas,
774 1541 854 1606 belli
876 1541 981 1629 spolia
1006 1539 1178 1628 magnifica
1204 1540 1324 1626 magis,

250 1675 346 1737 quam
371 1652 471 1715 oratio
496 1675 588 1730 meo,
612 1675 663 1714 ros
686 1650 865 1715 hortentur.
883 1649 940 1714 Vel
964 1652 1178 1736 imperatore,
1200 1647 1248 1710 vel
1264 1647 1323 1724 mi·

252 1759 308 1823 lite
337 1784 386 1823 me
415 1761 570 1822 utimini:
598 1783 702 1845 neque
731 1761 858 1822 animus
889 1781 992 1844 neque
1023 1780 1135 1843 corpus
1159 1759 1171 1795 ⁷
1193 1780 1214 1819 a
1237 1753 1323 1819 volis

251 1867 362 1931 oberit.
389 1870 475 1930 Haec
500 1869 569 1953 ipsa
593 1883 629 1930 ut
651 1890 743 1952 spero
756 1917 765 1946 ,
795 1866 952 1930 vobiscum
978 1889 1043 1928 una
1071 1862 1184 1927 consul
1206 1881 1322 1948 agam:

250 1977 315 2038 nisi
327 1977 418 2060 sorte
443 1977 569 2038 animus
582 1975 681 2058 fallit
692 2025 702 2055 ‚
725 1991 757 2043 et
780 1999 830 2039 ros
846 1976 962 2040 seruire
981 1973 1096 2060 magis,
1111 1994 1207 2060 quom
1223 1970 1323 2056 impe·

251 2106 347 2160 rare,
368 2084 478 2169 parati
502 2083 585 2145 estis.
1003 2106 1008 2111 ·

297 2189 413 2254 XXII.
439 2189 615 2277 Postquam
644 2212 795 2280 accepere
824 2213 861 2254 ea
888 2189 1060 2269 homines,
1091 2184 1209 2276 quibus
1239 2184 1324 2250 mala

254 2295 381 2361 abundo
405 2296 512 2360 omnia
536 2311 644 2377 erant,
665 2297 721 2362 sed
734 2320 839 2386 neque
853 2319 920 2378 res,
935 2318 1040 2385 neque
1055 2317 1127 2384 spes
1141 2294 1226 2357 bona
1240 2292 1325 2370 ulla3

256 2404 382 2469 tametsi
412 2404 476 2467 illis
506 2403 615 2492 quieta
643 2400 811 2485 moverel,
835 2427 950 2493 magna
974 2425 1095 2469 merces
1111 2399 1279 2468 videbatur
1294 2399 1324 2461 ⁹:

255 2526 363 2576 tamen
387 2512 549 2601 postulare
573 2513 740 2603 plerique,
763 2513 811 2577 uti
835 2525 1049 2602 proponeret,
1076 2533 1160 2597 quae
1183 2507 1324 2572 conditio

256 2619 450 2702 bellisoret:
466 2643 548 2704 quae
562 2623 707 2706 praemia
724 2623 821 2684 armis
835 2635 999 2706 peterent:
1012 2618 1091 2705 quid
1107 2617 1225 2704 ubique
1244 2615 1328 2700 opis,

255 2741 314 2789 out
328 2729 398 2810 spei
413 2726 587 2791 haberent?
610 2729 694 2790 Tum
711 2727 849 2792 Catilina
863 2726 1009 2818 polliceri
1031 2726 1158 2791 tabulas
1181 2747 1275 2788 noras
1289 2724 1328 2802 ¹⁰,

255 2834 520 2918 proscriptionem
538 2834 556 2859 ¹¹
572 2836 803 2921 locupletium,
819 2839 1042 2924 magistratus,
1059 2833 1259 2911 sacerdotia,
1276 2855 1328 2894 ro-

280 3051 291 3086 1
315 3029 449 3087 Picturue
469 3031 499 3088 in
519 3029 634 3087 tabulis.
832 3053 848 3110 p
867 3035 929 3092 Vos
942 3032 1059 3092 consilio
1072 3043 1200 3090 etmanu
1216 3032 1327 3105 juvero.

277 3126 294 3163 n
316 3106 441 3163 Statuae.
832 3115 848 3166 8
870 3109 1074 3188 Tranquillum
1089 3107 1210 3168 civitatis
1222 3118 1330 3163 statum

277 3181 295 3238 3
313 3183 494 3240 Toreumatis
505 3183 620 3241 nomine
632 3183 776 3260 quidquid
813 3188 941 3245 turbare.

259 3258 367 3315 affabre
387 3259 534 3316 excultum
552 3274 609 3329 est,
626 3274 676 3316 aut
687 3274 772 3318 torno
830 3283 848 3338 9
869 3265 926 3340 Spe
946 3263 1079 3340 praedae.

258 3333 440 3392 elaboratum
460 3337 721 3413 comprehenditur.
833 3361 866 3395 10
886 3343 974 3416 Leges
995 3341 1029 3396 de
1049 3339 1144 3418 plebis
1156 3356 1222 3395 aere
1236 3332 1329 3389 alieno

278 3411 297 3482 4
318 3410 405 3481 Quod
425 3432 518 3489 nuper
539 3413 772 3482 aedificaverant,
811 3416 974 3472 relaxando.
995 3414 1188 3492 Appellantur
1209 3408 1326 3466 tabulae

255 3486 343 3546 hodie
370 3486 504 3560 diruunt,
533 3504 565 3547 ut
594 3490 689 3548 denuo
720 3511 770 3548 ex·
809 3485 1328 3566 novae,cum,abolitisprioribusde-

257 3577 365 3621 truant.
810 3568 888 3637 bitis,
908 3590 993 3626 nemo
1017 3569 1097 3646 quod
1114 3579 1179 3622 ante
1197 3585 1214 3620 a
1237 3561 1329 3620 credi-

278 3641 396 3698 5Licet
414 3641 531 3718 prosuse
551 3643 651 3699 intem
668 3641 774 3699 multas
811 3646 924 3702 toribus
949 3660 1102 3723 acceptum
1129 3638 1190 3710 est,
1217 3639 1331 3716 cogitur

259 3737 306 3774 res
324 3720 479 3849 pecuniam
500 3717 673 3789 distrahant,
695 3739 773 3774 sum·
813 3721 929 3778 solvere.

261 3814 308 3848 ma
347 3815 395 3852 aec
414 3808 509 3852 nmen
525 3795 720 3873 profundendi
738 3794 773 3850 li·
834 3819 862 3852 11
877 3799 1121 3873 proscriptionem
1132 3793 1274 3851 inurhem
1286 3790 1332 3847 in-

261 3867 331 3956 bido
342 3870 458 3930 illorum
469 3870 581 3931 divitias
593 3893 652 3930 uon
663 3872 773 3931 exhau-
810 3887 949 3933 vexerant
969 3873 1045 3929 bella
1066 3872 1166 3931 civilia.
1184 3869 1258 3926 Nam
1279 3865 1331 3942 qui

262 3957 306 4001 Sll·
812 3970 866 4025 per
877 3949 925 4004 illa
938 3950 1085 4008 victoriam
1098 3949 1150 4004 ade
1173 3947 1194 4004 ti
1205 3946 1331 4009 fuerant,

281 4021 395 4078 oldest
414 4044 484 4099 prae
504 4026 601 4081 oculis.
813 4026 930 4081 uomina
950 4034 1068 4097 eorum,
1088 4027 1140 4103 qui
1173 4024 1332 4084 'versurum
