2888 4748
225 341 291 421 ild
515 341 552 413 G..
578 339 728 410 CRISPI
757 332 1003 410 sannusrn

218 492 340 584 quippe
354 488 411 583 qni
426 493 549 575 omnia,
564 517 671 576 arma,
686 494 768 576 tela,
782 495 887 576 locos,
904 507 1066 582 tempora,
1081 489 1222 582 denique
1237 514 1295 560 ns·

218 613 325 672 uram
343 601 448 691 ipsam
471 601 584 670 ceteris
606 603 861 693 imperitantem,
884 600 1043 668 industria
1064 598 1203 682 vicerat,
1218 626 1293 668 cum

217 707 327 777 liberis
343 722 374 775 et
388 732 504 800 magna
517 724 608 800 parte
629 711 787 799 pecuniae
809 734 847 776 ex
869 708 988 800 oppido
1010 722 1109 774 noctu
1130 708 1294 800 profugit,

218 838 324 906 neque
345 830 457 906 postea
479 817 516 882 in
537 817 605 882 ullo
628 817 700 883 loco
722 818 861 909 amplius
882 841 949 884 una
963 817 1017 883 die
1037 831 1093 882 aut
1113 840 1180 883 una
1200 835 1295 886 nocte

218 938 380 1005 moratus,
397 925 587 1006 simulabat,
603 948 672 991 sese
692 927 814 1016 negotii
827 925 929 1016 gratis
944 948 1137 1016 properare3
1151 940 1294 994 ceterum

114 1069 117 1072 ·
218 1032 434 1123 proditionem
449 1032 598 1114 timebat,
618 1056 716 1121 qnam
736 1034 838 1103 vitare
859 1056 953 1123 posse
975 1033 1134 1101 eeleritate
1149 1035 1291 1130 putabat.

220 1139 304 1206 Nam
319 1139 396 1205 talia
411 1141 545 1207 consilia
567 1163 624 1231 per
648 1139 752 1206 otium
775 1155 867 1206 etex
891 1140 1128 1230 obportunitate
1144 1142 1224 1232 capi
1249 1142 1294 1211 At

220 1248 390 1329 Metellus,
404 1247 461 1314 ubi
477 1248 655 1337 oppidanos
669 1247 793 1337 proelio
807 1248 963 1329 intentos,
980 1249 1076 1314 simul
1092 1249 1248 1339 oppidum
1263 1265 1294 1316 et

223 1355 373 1444 operibus
390 1370 422 1421 et
436 1355 508 1420 loco
524 1355 686 1420 munitum
700 1354 804 1442 ridet,
825 1357 912 1423 vallo
926 1355 1077 1446 fossaque
1091 1359 1219 1423 moenia
1234 1359 1294 1423 oir-

221 1463 392 1536 eumvenit
410 1461 537 1528 Deinde
560 1462 651 1546 jubet
670 1462 751 1526 locis
776 1486 814 1527 ex
835 1464 928 1552 copia
947 1486 1094 1529 maxume
1108 1464 1233 1532 idoneis
1248 1467 1295 1532 vi·
1344 1448 1345 1451 Ἴ

220 1592 296 1641 neas
313 1590 416 1658 agere:
432 1592 593 1660 superque
609 1591 662 1634 eas
677 1577 841 1660 aggerem¹
855 1573 971 1654 jacere,
989 1587 1022 1637 et
1035 1595 1132 1662 super
1147 1596 1293 1661 aggerem

221 1676 370 1768 inpositis
392 1677 536 1743 turribus
558 1701 640 1767 opus
664 1693 696 1743 et
718 1676 922 1744 administros
944 1678 1050 1743 tutari.
1072 1681 1193 1750 Contra
1214 1681 1294 1746 haeo

221 1786 376 1875 oppidani
390 1785 559 1867 festinare,
573 1808 708 1875 parare3
730 1809 862 1877 prorsus
886 1786 926 1851 ab
948 1787 1094 1876 utrisque
1116 1787 1197 1852 nibil
1221 1789 1294 1853 reli-

221 1916 322 1984 quum
337 1891 408 1958 fieri
421 1899 440 1955 ¹.
466 1894 618 1983 Denique
634 1894 791 1976 Romani,
806 1895 909 1960 multo
924 1909 997 1960 ante
1011 1895 1121 1960 labore
1149 1896 1294 1986 proeliis-

220 2023 284 2090 que
299 2001 440 2091 fatigati,
455 2017 528 2090 post
544 2001 611 2067 dies
628 2002 857 2092 quadraginta,
872 2026 969 2093 qnam
992 2026 1030 2068 eo
1052 2018 1184 2070 ventum
1207 2019 1293 2083 erat,

217 2110 338 2201 oppido
359 2109 454 2174 modo
474 2110 587 2199 potiti:
610 2109 729 2198 praeda
752 2113 856 2176 omnis
880 2135 899 2175 a
920 2110 1064 2201 perfugia
1088 2125 1246 2201 corrupta.
1264 2112 1293 2175 li

218 2233 390 2309 postquam
411 2240 540 2282 murum
563 2216 715 2282 arietibus
735 2216 824 2280 feriri
838 2215 850 2253 ³
863 2241 978 2307 resque
999 2242 1074 2283 suas
1089 2218 1232 2283 adflictas
1247 2218 1293 2284 vi·

220 2327 314 2406 dent,
329 2349 445 2391 aurum
467 2340 563 2414 atque
583 2338 751 2412 argentum
766 2337 797 2388 et
812 2323 885 2405 alia,
902 2348 984 2412 quae
999 2325 1103 2415 prima
1118 2325 1292 2404 ducuntur,

218 2434 350 2501 domum
365 2433 485 2522 regiam
501 2445 722 2521 comportant:
746 2432 794 2496 ibi
807 2433 885 2499 vino
901 2445 932 2496 et
948 2432 1051 2521 epulis
1068 2433 1208 2512 onerati,
1223 2432 1293 2495 illa-

220 2566 283 2630 que
305 2557 337 2607 et
359 2541 490 2606 domum
505 2554 537 2605 et
558 2554 660 2604 semet·
681 2539 748 2627 igni
773 2555 1002 2630 corrumpunt;
1017 2554 1049 2605 et
1065 2565 1144 2629 quas
1159 2539 1237 2608 victi
1253 2541 1293 2607 ab

104 2683 106 2689 ·
218 2649 366 2724 hostibus
381 2671 502 2737 poenas
517 2660 707 2727 metuerant,
720 2671 773 2712 eas
788 2648 852 2737 ipsi
866 2648 1008 2714 volentes
1023 2649 1210 2738 pependere.
1229 2647 1293 2714 Sed

218 2755 339 2845 pariter
355 2779 428 2820 cum
445 2771 539 2844 capta
548 2754 650 2819 Thala
665 2755 761 2842 legati
777 2779 816 2819 er
831 2754 951 2844 oppido
966 2756 1063 2844 Lepti
1079 2755 1119 2820 ad
1127 2755 1293 2820 Metellum

218 2851 389 2942 venerant,
406 2877 532 2927 orantes
553 2863 602 2926 uti
622 2861 820 2951 praesidium
848 2861 1110 2952 praefectumque
1132 2862 1293 2926 eo‘mitte-

219 2984 286 3035 ret:
303 2969 518 3034 Hamilcarem
541 2969 728 3058 quemdam,
744 2970 907 3035 hominem
930 2970 1089 3049 nobilem,
1103 2969 1293 3049 factiosum,

220 3079 312 3146 novis
328 3078 424 3143 rebus
441 3077 588 3163 studere3
611 3077 782 3142 advorsum
798 3099 893 3164 quem
908 3099 1012 3163 neque
1028 3076 1163 3165 imperia
1178 3077 1293 3164 magis-

220 3199 379 3268 tratuum,
395 3209 499 3274 neque
514 3186 599 3276 leges
614 3185 778 3252 valerent:
801 3184 836 3247 ni
859 3183 893 3248 id
915 3181 1096 3265 festinaret,
1112 3185 1146 3252 in
1168 3207 1292 3250 summo

243 3447 253 3481 ι
278 3426 424 3496 Quoniam
452 3425 534 3483 locus
564 3425 737 3500 plerumque
795 3424 909 3481 2Nihil
932 3425 1062 3482 omittere
1084 3423 1164 3501 quod
1183 3423 1219 3478 ad
1240 3443 1292 3497 op·

220 3501 382 3580 depressior
394 3516 455 3558 erat
466 3515 516 3558 aut
527 3503 621 3558 minus
631 3515 736 3561 rectus.
775 3502 966 3578 pugnandum
977 3517 1026 3561 aut
1046 3498 1293 3579 propugnandum

221 3599 323 3654 aggere
336 3582 411 3654 jacto
423 3579 546 3634 Romani
566 3598 632 3634 eum
654 3576 737 3634 attol·
776 3578 939 3653 pertineret.

220 3653 320 3710 lebant
330 3654 376 3712 vel
387 3655 568 3730 aequabant,
585 3673 637 3728 per
652 3673 738 3727 quem
796 3653 813 3708 3
834 3656 932 3721 Aries
944 3653 1023 3710 trabs
1035 3650 1232 3730 praegrandis
1241 3668 1291 3703 cu·

222 3730 324 3786 deinde
336 3746 428 3787 turres
441 3743 564 3806 agerent.
574 3731 676 3803 Agger
687 3729 737 3785 lie·
775 3732 821 3803 jus
833 3745 921 3806 caput
932 3731 1057 3786 ferreum
1069 3730 1106 3785 ad
1117 3731 1207 3785 instar
1218 3724 1291 3779 arie-

221 3805 271 3862 bat
292 3827 327 3861 ex
346 3807 469 3864 fascibus
488 3820 515 3862 et
535 3820 626 3862 terra:
648 3804 738 3862 latera
776 3807 810 3862 tis
821 3806 1022 3884 impellebatur
1033 3819 1132 3865 contra
1144 3820 1251 3867 muros,
1259 3812 1293 3856 ut

221 3879 412 3938 firmabantur
424 3881 554 3938 trabibus
566 3893 616 3937 aut
626 3879 735 3938 alterno
774 3903 822 3938 eos
842 3896 980 3957 quateret.
994 3883 1069 3937 Cum
1083 3886 1163 3938 aries
1176 3898 1292 3936 inurunt

221 3962 368 4013 rainerum
381 3966 471 4025 textu,
483 3978 518 4014 ne
531 3971 606 4014 terra
624 3955 735 4032 difflue·
773 3961 976 4032 percussisset,
997 3959 1044 4020 vix
1060 3959 1118 4015 sine
1131 3956 1292 4032 direptione

222 4044 274 4092 ret.
508 4109 510 4112 Α
698 4069 701 4074 -
741 4086 743 4090 ,
775 4034 895 4092 civitatis
907 4032 1013 4091 deditio
1024 4034 1252 4111 permittebatur.
