2888 4748
384 275 576 348 BELLUM
602 275 947 345 CATILINARIUM
1160 278 1198 342 31

125 428 234 518 pinus,
248 427 316 493 alia
334 431 441 493 omnia
457 453 540 516 quae
563 428 683 493 bellum
706 446 803 516 atque
820 429 930 493 lubido
949 429 1100 493 rictorum
1112 427 1203 514 sert:

128 553 302 629 praeterea,
323 561 390 603 esse
415 540 448 601 in
475 540 635 624 Hispania
656 540 803 603 citeriore
830 541 978 602 Pisonem
996 543 1026 617 ¹,
1050 539 1084 600 in
1107 540 1212 600 Mau..

130 649 274 711 ritania⁸
298 671 370 711 cum
394 647 539 710 exercitu
559 645 711 710 Publium
731 647 848 710 Sitium
865 647 1061 711 Nucerinum
1073 645 1103 723 ³,
1127 668 1201 708 con-

48 757 65 763 *
128 755 198 818 silit
220 757 271 818 sui
285 755 481 840 participes:
496 769 605 840 petere
623 754 825 818 consulatum
847 759 881 818 0.
897 754 1068 817 Antonium
1081 757 1093 794 ⁴
1108 775 1202 837 quem

129 862 192 928 sibi
214 862 378 949 conlegam
400 864 477 946 sore
500 879 665 946 speraret,
689 862 848 925 bominem
873 877 906 925 et
922 861 1147 946 familiarem,
1170 873 1204 923 et

131 970 276 1034 omnibus
294 969 581 1034 necessitudinibus
599 972 867 1034 circumventum:
883 993 955 1032 cum
973 993 1010 1033 eo
1034 992 1067 1032 sc
1091 991 1207 1032 consu·

53 1135 58 1144 .
131 1077 196 1141 lem
220 1079 349 1141 initium
372 1077 490 1164 agendi
502 1077 682 1161 facturum.
708 1076 762 1167 Ad
784 1076 846 1157 hcc
863 1075 1039 1141 maledictis
1060 1075 1205 1164 increpa·

130 1185 186 1249 bat
209 1184 314 1249 omnis
337 1184 459 1249 bonos:
485 1206 617 1248 suorum
641 1207 904 1273 unumquemque
922 1184 1110 1264 nominans,
1134 1182 1205 1245 lau·

130 1293 232 1373 dare,
255 1292 427 1356 admonere
452 1292 553 1355 aliurn
578 1294 746 1378 egestatis,
769 1292 871 1356 alium
895 1292 1081 1378 cupiditatis
1105 1314 1207 1369 suae,

131 1401 310 1486 complures
332 1400 473 1487 periculi
497 1416 554 1463 aut
578 1402 793 1486 ignominiae,
816 1400 934 1463 multos
958 1401 1106 1464 victoriae
1132 1397 1208 1461 Sul-

132 1509 251 1588 lanae,
275 1509 391 1594 quibus
415 1533 454 1572 ea
475 1507 617 1598 praedae
632 1509 757 1592 suerat.
774 1507 951 1596 Postquam
971 1507 1115 1571 omnium
1139 1504 1208 1569 ani·

133 1638 201 1680 mos
227 1616 340 1681 alacris
363 1616 473 1693 videt3
497 1611 700 1698 cohortatus,
725 1630 761 1681 ut
783 1616 970 1706 petitionem
994 1637 1086 1680 suam
1110 1634 1208 1679 curae

133 1722 286 1788 haberent
298 1722 326 1804 ³,
353 1737 552 1789 conventum.
570 1723 697 1787 dimisit

181 1831 314 1895 XXIII.
339 1832 444 1895 Fuere
467 1853 504 1894 ea
528 1844 713 1924 tempestate
741 1830 797 1918 qui
821 1829 984 1910 dicerent,
1009 1829 1210 1910 Catilinam,

134 1940 278 2004 oratione
300 1938 427 2018 habita,
452 1960 526 2003 cum
550 1937 838 2022 adtjusjurandum
855 1937 1054 2027 populares⁶
1077 1934 1210 2002 sceleris

136 2045 187 2110 sui
211 2045 369 2134 adigeret,
391 2043 524 2108 humani
549 2045 692 2134 corporis
716 2045 907 2135 sanguinem
921 2045 997 2112 vino
1013 2044 1210 2136 permixtum

135 2153 169 2216 in
194 2152 336 2243 pateris⁷
360 2153 619 2231 circumtulisse3
642 2152 736 2235 inde,
761 2177 835 2219 cum
859 2168 932 2244 post
956 2151 1209 2219 exsecrationem

87 2319 90 2322 .
137 2284 245 2324 omnes
270 2261 541 2350 degustavisscnt,
568 2261 664 2327 sicuti
692 2262 726 2326 iu
755 2262 951 2326 solemnibus
976 2261 1106 2326 sacris⁸
1136 2257 1209 2323 fieri

136 2368 319 2448 consucvit,
344 2369 506 2458 aperuisse
530 2368 700 2434 consilium
730 2381 846 2447 suum,
875 2382 970 2456 atque
999 2389 1036 2430 eo
1061 2365 1209 2430 dictitare

136 2474 268 2556 fecisse,
292 2500 356 2564 quo
380 2477 463 2540 inter
487 2499 520 2539 se
543 2476 644 2562 magis
668 2473 726 2538 fidi
748 2475 871 2555 forent,
887 2474 969 2538 alius
987 2473 1042 2537 alii
1066 2473 1148 2539 tanti
1163 2471 1210 2537 fa·

138 2581 256 2645 cinoris
281 2583 408 2647 conscii.
426 2582 582 2647 Nonnulli
596 2581 671 2648 ficta
686 2582 782 2663 haec,
797 2596 829 2649 et
844 2582 945 2646 multa
961 2595 1125 2672 praeterea
1146 2581 1211 2645 exi·

140 2688 321 2753 stumabant
344 2690 383 2753 ab
399 2689 450 2770 iis,
466 2690 522 2778 qui
544 2690 710 2754 Ciceronis
726 2689 899 2770 invidiam,
916 2713 998 2779 quae
1013 2703 1125 2780 postea
1141 2704 1214 2756 orta

139 2853 266 2930 partium
291 2852 377 2908 fuisse
402 2851 597 2928 putabantur,
623 2856 653 2911 in
711 2853 728 2911 5
750 2853 898 2930 suffragiis
918 2873 947 2912 se
960 2854 1142 2912 consulatum
1159 2874 1211 2933 pe-

140 2928 244 2985 tabulis
265 2926 405 3004 descripta
432 2930 653 3006 proponebant,
693 2944 800 2988 tentem
821 2933 1002 2988 sustinerent.

142 3006 302 3061 constitutis
313 3006 464 3081 praemiis,
481 3006 504 3060 si
522 3007 587 3082 quis
607 3027 654 3062 eo·
713 3009 732 3064 6
753 3008 892 3063 Conscius
913 3007 1034 3064 sceleris.

140 3101 206 3137 rum
226 3101 401 3156 quemquam
421 3081 585 3152 occidisset,
602 3084 656 3140 bo·
686 3132 688 3137 ⁴
713 3103 730 3172 7
753 3083 892 3151 Catilina,
905 3103 988 3139 coeso
1002 3101 1110 3159 puero,
1130 3095 1214 3161 pate-

141 3157 185 3215 nis
205 3158 290 3213 etiarn
310 3178 409 3214 eorum
428 3159 590 3235 publicatis.
695 3180 734 3216 rrs
755 3158 971 3216 infuditvinum
992 3161 1053 3234 ejus
1074 3160 1215 3235 sanguine

164 3254 173 3288 1
190 3234 329 3308 Superius
338 3231 408 3307 dixit
420 3248 520 3291 auctor
532 3256 599 3290 eum
610 3236 653 3292 in·
692 3236 885 3312 permixtum
912 3233 1016 3291 deinde
1035 3236 1214 3295 circumtulit

141 3311 308 3376 terfectum,
320 3309 369 3364 sed
380 3309 426 3366 vel
438 3312 562 3366 Catilina
572 3313 655 3387 igno·
693 3324 726 3367 ut
746 3331 845 3367 omues
865 3310 895 3366 id
911 3310 1052 3380 libarent,
1071 3311 1127 3368 hac
1147 3333 1215 3369 exe-

142 3385 241 3453 rebat,
264 3384 308 3442 vel
320 3384 417 3459 potius
434 3385 464 3439 id
475 3387 569 3443 studio
586 3408 655 3445 cou-
695 3389 822 3442 eratione
843 3401 875 3443 ut
895 3388 934 3443 ita
955 3389 1086 3444 omnium
1099 3389 1217 3464 sanguis

141 3462 292 3536 jurationis
314 3458 397 3516 sociis
418 3461 551 3518 occultat.
696 3463 806 3518 hauriri
826 3477 924 3539 posset
944 3465 1005 3539 qui,
1016 3463 1096 3539 quod
1108 3465 1217 3539 prorni-

163 3557 178 3593 a
198 3537 309 3593 Africae
329 3537 407 3612 regio
428 3551 469 3594 est
480 3557 580 3595 versus
598 3538 658 3596 Ga·
698 3553 809 3609 serant,
830 3561 890 3597 non
911 3542 1065 3606 fecissent,
1087 3540 1129 3595 uti
1150 3559 1216 3595 san·

144 3613 274 3669 ditanurn
293 3613 405 3668 fretum.
698 3616 814 3692 guinem
833 3615 910 3673 illius
936 3617 1021 3693 pueri
1045 3613 1217 3672 hausissent.
1282 3664 1285 3669 .

163 3687 180 3745 3
200 3689 324 3745 Nuceria
344 3701 457 3757 ortum,
478 3690 509 3744 in
528 3689 657 3747 Umbria.
718 3697 734 3747 8
756 3693 790 3747 In
809 3692 842 3748 iis
854 3707 951 3749 autern
971 3690 1103 3748 sacerdos
1121 3690 1217 3766 prius-

163 3765 235 3837 lpC.
248 3765 400 3833 Antonius
417 3767 454 3819 Μ.
466 3767 583 3821 Antonii
595 3787 659 3822 ora·
699 3787 787 3841 quam
823 3767 898 3824 inter
937 3768 1069 3826 victimae
1108 3786 1220 3824 cornua

145 3843 214 3899 toris
234 3840 310 3897 filius
330 3854 358 3897 et
370 3841 510 3899 triumviri
528 3856 661 3917 patruus,
700 3844 801 3900 viuum
834 3844 993 3912 funderet,
1037 3842 1221 3900 adstantibus

146 3919 230 3994 inops
250 3931 278 3974 et
295 3938 400 3994 magno
412 3939 477 3975 aere
495 3917 587 3977 alieno
609 3941 660 3997 op·
701 3918 920 3984 circumferebat
935 3933 966 3977 ut
981 3919 1219 3997 pariterdeliba-

146 4013 263 4072 pressus
284 4008 351 4051 erat.
701 4009 774 4053 rent.
