2888 4748
572 344 636 410 11
663 345 698 408 1.
725 336 973 414 caestuum
1213 355 1275 443 293

212 518 301 583 sent3
324 524 362 568 ac
384 499 499 568 deinde
522 499 639 588 quibus
664 502 785 569 caussis
813 500 1019 594 amplissume
1043 489 1140 594 regna
1164 521 1195 573 et
1219 511 1277 573 im·

208 611 298 702 peria
321 610 538 676 conmissent:
563 608 674 673 eadem
702 634 826 701 semper
852 612 937 676 bona
961 627 1056 699 atque
1080 615 1163 678 mala
1186 639 1277 705 repe·

205 720 339 800 sichem,
363 740 536 805 omnesque
557 716 693 783 victores
717 717 842 784 divitias
873 720 1079 784 contemsisse
1110 735 1141 785 et
1172 723 1275 788 victos

205 826 375 916 cupivisse.
401 825 512 912 Neque
536 819 819 914 aliter’quisquam
843 826 993 891 extollere
1018 848 1086 891 sese
1110 841 1141 891 et
1165 828 1275 895 divina

204 933 348 998 mortalis
373 930 533 1019 adfingere
549 945 671 1021 potest,
688 931 749 996 nisi
760 932 782 1012 ,²
792 932 917 998 omissis
934 933 1092 1022 pecuniae
1107 949 1139 998 et
1163 958 1275 1024 eorpo-

202 1041 249 1104 ris
272 1039 416 1127 gaudiis,
440 1039 546 1102 animo
570 1038 759 1128 indulgens,
774 1063 839 1104 non
856 1039 1049 1105 adsentando
1071 1063 1175 1130 neque
1199 1065 1274 1106 oon·

202 1146 313 1235 cupita
336 1144 539 1234 praebendo,
562 1169 745 1237 perversam
773 1147 908 1236 gratiam
931 1146 1134 1236 gratificans,
1159 1148 1217 1237 sed
1238 1149 1275 1215 11

202 1252 327 1332 labore,
343 1250 495 1341 patientia
510 1253 668 1341 bonisque
682 1255 861 1343 praeceptis
878 1269 909 1319 et
923 1255 1016 1319 factis
1034 1254 1168 1320 fortibus
1186 1279 1274 1320 exer·

202 1357 338 1422 citando.
364 1359 445 1421 Nam
468 1359 599 1423 domum
614 1375 670 1424 aut
684 1360 794 1426 villam
809 1375 989 1441 exstruere,
1005 1385 1139 1450 eamque
1156 1364 1272 1452 signis,

201 1463 322 1529 aulaeis
346 1465 480 1554 aliisque
504 1466 654 1556 operibus
679 1489 830 1532 exornare
854 1483 885 1532 et
901 1468 1007 1532 omnia
1030 1469 1149 1556 potius,
1174 1493 1271 1557 quam

201 1585 319 1651 semet,
341 1572 510 1640 visendum
534 1571 678 1653 efficere,
701 1574 735 1638 id
763 1588 811 1639 est
839 1597 904 1638 non
933 1574 1060 1641 diritius
1084 1575 1192 1641 decori
1215 1577 1271 1640 ha·

198 1677 291 1758 bere,
315 1677 370 1744 sed
393 1679 499 1768 ipsum
522 1679 734 1768 illis'flagitio
758 1703 827 1744 esse
844 1683 863 1743 ¹.

243 1784 324 1850 XII.
350 1786 450 1867 Porro
474 1786 519 1866 ii,
543 1786 660 1878 quibus
683 1786 733 1850 bis
757 1786 834 1850 die·
857 1801 1000 1852 ventrem
1025 1812 1174 1869 onerare,
1197 1791 1293 1855 111-’

197 1892 263 1956 lam
284 1906 413 1958 ,noctem
437 1890 505 1955 sine
529 1905 633 1956 scorto
657 1893 822 1981 quiescere
845 1916 913 1957 mos
938 1909 1004 1973 est3
1028 1895 1084 1960 ubi
1109 1896 1269 1980 animum,

195 2020 292 2088 quem
316 1996 473 2061 dominari
497 1996 645 2079 decebat,
668 1998 804 2064 servitio·
823 1999 1025 2088 obpressere,
1052 2005 1268 2091 nequicquam

196 2128 234 2169 eo
257 2118 368 2194 postea
391 2103 498 2170 hebeti
514 2119 609 2194 atque
624 2104 739 2170 claudo
755 2130 814 2194 pro
830 2107 967 2170 exercito
985 2109 1032 2171 uti
1046 2110 1167 2176 volunt.
1186 2111 1267 2174 Nam

195 2211 402 2301 inprudentia
430 2213 582 2302 pleraque
616 2226 647 2276 et
678 2236 713 2276 se
736 2213 954 2301 praecipitant.
984 2214 1109 2284 Verum
1132 2214 1265 2287 baec'et

194 2319 303 2384 omnia
326 2319 409 2383 mala
431 2320 551 2410 pariter
574 2342 648 2385 cum
671 2319 793 2383 honore
808 2320 965 2409 pecuniae
981 2320 1146 2402 desinent,
1169 2323 1197 2387 si
1212 2346 1265 2389 ne-

195 2450 259 2515 que
274 2425 485 2514 magistratus,
502 2449 606 2515 neque
630 2426 692 2489 1111
707 2427 803 2512 vulgo
827 2426 986 2515 cupienda
1009 2428 1133 2493 venalia
1157 2445 1263 2505 erunt.

193 2531 248 2596 Ad
270 2531 332 2596 boc
356 2531 589 2620 providendum
612 2547 678 2613 est,
703 2555 842 2620 quonam
858 2533 953 2597 modo
971 2535 1066 2599 ltalia
1082 2549 1177 2623 atque
1192 2560 1265 2626 pro-

191 2638 314 2706 1111111
338 2639 472 2704 tutiores
497 2640 577 2722 sint,
601 2640 636 2706 id
660 2640 747 2729 quod
774 2638 861 2704 factu
889 2640 979 2706 baud
1007 2642 1181 2706 obscurum
1205 2657 1260 2708 est.

190 2743 274 2809 Nam
297 2745 394 2812 iidem
418 2748 524 2812 omnia
547 2761 690 2828 vastant,
715 2771 788 2812 suas
812 2747 986 2812 deserendo
1011 2748 1122 2813 domos
1147 2764 1178 2813 et
1203 2735 1262 2839 per

187 2851 342 2937 injuriam
364 2854 483 2918 alienas
508 2855 703 2943 occupando.
733 2853 814 2920 Item
837 2878 895 2937 ne,
925 2870 962 2920 ut
991 2855 1115 2936 adhuc,
1143 2857 1260 2922 militia

187 2960 309 3044 iujusta
333 2976 388 3026 aut
410 2961 588 3050 inaequalis
610 2962 666 3026 sit:
683 2985 757 3027 cum
773 2963 827 3026 alii
851 2963 982 3051 triginta
996 2968 1026 3044 ³,
1041 2987 1115 3054 pars
1132 2964 1259 3027 nullum

188 3067 383 3156 stipendium
405 3067 520 3133 faciet:
545 3083 576 3133 et
590 3067 785 3134 frumentum
799 3070 852 3148 id,
868 3071 956 3160 quod
972 3084 1064 3134 antea
1079 3070 1263 3159 praemium.
1359 3154 1360 3157 Ἴ

187 3173 332 3260 ignaviae
355 3174 434 3254 fuit,
457 3199 515 3264 per
538 3177 714 3264 municipia
737 3190 769 3240 et
791 3177 933 3246 colonias
957 3178 1022 3241 11111
1042 3177 1118 3241 dare
1143 3200 1257 3246 conve·

187 3280 273 3358 niet,
297 3303 371 3344 eum
394 3281 560 3369 stipendiis
577 3283 714 3347 emeritis
731 3282 840 3346 domos
857 3285 1052 3353 reverterint,
1072 3285 1163 3367 Quae
1179 3282 1256 3346 Rei-

186 3386 335 3475 publicae
357 3389 535 3451 necessaria
558 3387 680 3474 tibique
695 3387 832 3480 gloriosa
847 3404 936 3462 ratus
953 3415 1041 3473 sum,
1058 3414 1155 3485 quam
1175 3414 1254 3487 pau-

187 3491 334 3558 cissumis
358 3493 488 3560 absolvi.

229 3601 326 3665 XIII.
353 3599 424 3664 Non
440 3603 532 3690 pejus
548 3600 692 3682 videtur,
713 3627 816 3692 pauca
837 3625 924 3668 nunc
940 3604 979 3668 de
995 3604 1078 3668 facto
1102 3626 1173 3667 meo
1190 3604 1253 3667 dis.

183 3730 294 3772 serere.
320 3707 470 3796 Plerique
494 3710 642 3777 mortales
667 3710 708 3774 ad
730 3711 1251 3804 11111111111111111131111111-

207 3908 217 3942 r
240 3887 334 3944 Idest:
355 3889 506 3952 dedecori.
754 3891 772 3948 3
784 3893 842 3947 Lex
854 3890 978 3965 volebat,
992 3904 1024 3948 ut
1035 3892 1071 3947 ab
1084 3912 1159 3947 anno
1173 3902 1249 3947 aeta·

203 3982 219 4016 2
241 3963 409 4020 Coenebant
434 3967 546 4044 antiqui
571 3966 696 4047 lautius,
735 3966 1248 4052 1111711461111111111111111111-

181 4039 363 4120 prandebant
382 4043 507 4127 parcius,
735 4045 813 4123 ginta
824 4043 975 4131 stipendia,
1076 4042 1079 4058 '
