2888 4748
1162 364 1177 414 l

173 471 370 551 Adrianus
389 464 608 576 Imperator
635 467 709 573 qni
737 465 1024 548 Sallustianum
1048 360 1203 581 styldmx

121 625 294 700 maxime
324 616 651 710 commendabat,
681 616 743 695 uti
769 618 889 696 refert
919 614 1084 713 suidas,
1116 622 1205 725 ejus

124 792 242 878 opera
271 773 315 848 in
342 782 521 877 graecam
552 760 732 872 lingnam
759 795 782 846 a
809 760 987 859 Zenobio
1020 762 1204 875 Sophiste

126 922 333 1002 transferri
357 923 482 1026 justit.

175 1068 377 1187 Elisabeth
390 1070 668 1148 Britannorum
681 1065 845 1169 Regina,
864 1067 980 1172 cujus
997 1067 1151 1173 ingenii
1164 1081 1206 1145 et

124 1221 312 1300 scientiae
322 1210 507 1327 politicae
518 1219 622 1300 fama
634 1226 694 1296 ast
703 1214 955 1322 percelebris,
968 1213 1214 1311 Sallustium

126 1369 278 1480 anglice
298 1374 554 1477 interpretata
576 1385 656 1464 est,
676 1385 718 1449 et
738 1387 807 1475 aua
827 1363 1137 1474 manuscrip'sit

176 1523 370 1604 Recenter
395 1535 491 1604 tero
522 1518 693 1603 nannet
709 1506 987 1627 Hispaniarum
1013 1520 1208 1626 Princeps

126 1674 170 1753 in
188 1674 393 1779 proprium
413 1670 560 1750 idioma
582 1669 817 1751 sallustium
835 1674 980 1763 rettit,
1002 1684 1205 1753 ornatumr

43 1782 45 1797 Ι
125 1845 205 1932 que
226 1820 498 1902 eruditissimis
517 1823 645 1914 notis,
675 1831 717 1896 et
737 1816 1007 1900 dissertatione
1027 1818 1203 1899 doctissi-

127 1996 192 2048 ma
222 1969 272 2047 de
300 1969 604 2050 Phaeniciornm
632 1984 849 2073 eorumque
878 1968 1124 2050 coloniarum
1153 1965 1208 2044 al·

127 2117 299 2230 phabeto
320 2132 360 2198 et
378 2118 540 2223 lingua,
570 2119 725 2201 tlt-antri
752 2117 1057 2226 elegantissimis
1071 2115 1209 2200 formis

130 2263 257 2347 edidit
278 2294 380 2346 anno
402 2295 614 2344 uncorum.

180 2414 240 2490 Da
269 2413 508 2494 editionibus
537 2439 656 2503 vero,
685 2436 787 2517 quae
816 2412 921 2490 nihil
948 2411 1059 2491 aliud
1086 2437 1210 2518 quam

130 2575 284 2642 textum
298 2557 656 2670 comprehendunt,
674 2561 919 2640 mentionem
932 2561 1061 2639 facere
1075 2586 1209 2665 super·

129 2733 349 2792 vacaneum
370 2703 575 2806 ducimua3
604 2708 774 2814 quisque
795 2708 903 2786 enim
924 2734 1060 2786 earum
1079 2723 1214 2814 potest

131 2855 305 2937 indicem
325 2852 530 2935 consulere
550 2856 593 2934 in
612 2853 854 2937 Bibliotheca
868 2855 1115 2947 Arwodiana,
1139 2868 1211 2931 aut

131 3005 175 3084 in
200 3002 381 3085 Manuali
413 3004 600 3084 Brunetii.
642 3003 711 3082 Sat
742 3005 818 3081 erit
850 3002 981 3083 dicere
1016 3000 1214 3082 editiones

132 3149 443 3244 Elzeririorum,
461 3127 616 3231 Barbou
645 3167 686 3231 et
718 3151 876 3232 Comini
895 3151 1147 3254 castigatione
1169 3162 1212 3232 er

134 3298 262 3380 nitore
284 3300 446 3376 caeteris
467 3324 551 3376 esse
570 3295 858 3404 praeferendas.
957 3331 959 3335 ⁷

191 3447 326 3551 Quum
347 3461 480 3528 autem
500 3447 614 3526 nobis
633 3449 955 3552 proposuerimus
975 3461 1216 3526 commenta·

138 3599 244 3680 rium
276 3595 483 3701 prolerre,
510 3620 590 3698 quo
624 3592 882 3679 Sallustianos
910 3597 1056 3690 libros,
1084 3591 1215 3673 studio

63 3751 64 3760 ’
137 3741 270 3826 dedita
289 3747 476 3848 juventus
496 3741 651 3823 facilius
670 3741 881 3850 intelligat,
896 3747 959 3822 usi
972 3770 1108 3822 sumus
1122 3769 1215 3848 ope-

139 3892 248 3971 ribus
279 3894 567 3999 interpretum,
590 3917 689 3997 quos
721 3915 838 4000 supra
866 3893 1145 3983 meminimus,
1173 3905 1215 3969 et

139 4043 349 4151 praecipue
370 4042 521 4135 Brossi,
541 4038 717 4144 Abideni
736 4057 778 4118 et
800 4041 935 4119 Cottii.
