2888 4748
427 313 975 385 nuuuuutucuururuuu
1169 316 1231 416 1jt7

167 469 250 534 Nam
266 466 411 534 bocchus
428 467 564 533 nuncios
586 468 626 533 ad
646 491 718 534 eum
740 491 832 558 saepe
852 469 996 555 miserat,
1015 469 1094 534 velle
1114 470 1232 558 vpopuli

167 581 303 643 Romani
317 579 509 656 amicitiam,
525 601 564 640 ne
582 577 659 663 quid
674 575 713 640 ab
730 601 763 640 se
787 577 899 648 hostile
920 582 1053 642 timeret.
1075 577 1113 641 Id
1135 578 1232 642 simu·
1254 613 1272 657 g

166 685 278 752 laverit
292 708 348 765 ne,
370 708 433 774 quo
456 684 638 774 inprovisus
659 684 785 773 gravior
806 685 982 765 accederet,
999 707 1039 748 an
1055 684 1232 749 mobilitate

163 793 284 882 ingenii
306 815 418 884 pacem
438 807 533 882 atque
552 792 674 860 bellum
693 805 816 862 mutare
838 792 966 872 solitus,
985 813 1101 882 parum
1124 792 1230 881 exple·

163 916 269 966 ratum
294 915 349 968 est.

209 1009 334 1072 XCIV.
354 1006 418 1071 Sed
433 1007 556 1087 consul,
571 1007 619 1072 uti
635 1020 803 1087 statuerat,
819 1006 937 1097 oppida
953 1007 1146 1094 castellaque
1161 1027 1230 1070 mu·
1323 1014 1332 1032 ¹

161 1115 231 1185 nita
255 1114 363 1179 adire:
385 1115 501 1202 partim
519 1115 569 1196 vi,
588 1115 650 1178 alia
669 1129 772 1196 metu,
795 1129 850 1179 aut
878 1115 1020 1204 praemia
1042 1111 1229 1178 ostentando

164 1236 309 1287 avortere
325 1222 364 1286 ab
384 1221 537 1287 hostibus.
560 1221 610 1286 Ac
630 1223 734 1322 primo
753 1221 926 1287 mediocria
946 1221 1089 1310 gerebat,
1112 1220 1228 1284 existu-

170 1351 260 1393 mans
283 1327 475 1417 Jugurtham
498 1328 540 1391 ob
562 1353 636 1394 suos
658 1329 807 1395 tutandos
828 1330 862 1394 in
884 1351 997 1393 manus
1021 1343 1193 1395 venturum
1210 1345 1227 1391 ¹.

163 1435 229 1500 Sed
244 1436 300 1500 ubi
316 1436 407 1500 illum
421 1437 536 1525 procul
552 1437 676 1516 abesse,
695 1451 727 1502 et
750 1438 820 1504 aliis
840 1438 974 1526 negotiis
997 1437 1154 1502 intentum
1177 1423 1238 1514 ac}

161 1542 271 1631 oepit-3
290 1546 411 1627 majora
434 1557 466 1608 et
486 1543 586 1631 magis
610 1567 721 1633 aspera
740 1543 869 1632 adgredi
890 1559 1015 1633 tempus
1040 1545 1146 1609 visum
1169 1556 1223 1622 est.

162 1650 240 1714 Erat
255 1650 338 1714 inter
353 1649 490 1740 ingentis
506 1650 695 1716 solitudines
711 1652 866 1741 oppidum
887 1674 1036 1741 magnum
1058 1666 1152 1739 atque
1176 1673 1227 1716 va-

160 1756 248 1837 lens,
270 1758 399 1821 nomine
420 1759 542 1847 Capsa:
564 1761 657 1841 cujus
678 1758 823 1822 eonditor
843 1758 998 1822 Hercules
1015 1758 1139 1846 Libys'
1162 1780 1226 1822 me-

161 1866 353 1930 morabatur.
364 1865 443 1948 Ejus
458 1865 543 1931 cives
559 1863 645 1954 apud
661 1864 682 1929 J
684 1863 855 1952 ugurtham
871 1864 1035 1942 inmunes,
1050 1864 1113 1927 levi
1129 1865 1227 1954 impe·

160 1972 220 2051 rio,
236 1986 268 2036 et
282 1972 323 2035 ob
338 1995 374 2034 ea
390 1970 577 2038 fidelissumi
587 1972 796 2035 habebantur:
813 1973 930 2036 muniti
947 1971 1117 2037 advorsum
1125 1971 1228 2037 hostis

103 2100 105 2104 ⁴
156 2093 224 2141 'non
248 2077 414 2142 moenibus
434 2077 546 2158 modo,
568 2093 599 2144 et
628 2077 724 2142 armis
755 2092 851 2168 atque
874 2079 967 2159 viris,
996 2077 1227 2144 verumetiam

159 2185 375 2272 multomagis
391 2185 729 2274 locorumasperitate.
753 2187 834 2250 Nam
844 2207 858 2267 ,·
872 2199 998 2276 praeter
1019 2185 1138 2275 oppido
1153 2208 1225 2274 pro·

156 2290 294 2380 pinque,
317 2292 379 2356 alia
399 2293 507 2357 omnia
527 2309 634 2374 vasta,
657 2293 796 2374 inculta,
821 2295 945 2381 egentia
969 2315 1086 2381 aquae,
1110 2292 1226 2358 infesta

157 2400 373 2487 serpentibus:
398 2425 543 2497 quarum¹
558 2402 621 2480 vis,
646 2400 740 2465 sicuti
766 2400 909 2464 omnium
933 2399 1092 2480 ferarum,
1113 2400 1225 2489 inopia

157 2506 221 2569 cibi
237 2507 358 2570 acrior:
375 2507 507 2588 adhoc,
522 2523 636 2571 natura
652 2506 848 2596 serpentium
864 2507 934 2596 ipsa
956 2506 1155 2597 perniciosa,
1172 2506 1225 2571 siti

156 2612 272 2698 magis,
289 2635 384 2701 quam
400 2613 511 2678 aliare
527 2614 719 2679 accenditur.
737 2615 818 2698 Ejus
833 2613 982 2704 potiundi
998 2612 1138 2678 Marium
1157 2635 1225 2676 ma·

155 2740 251 2783 xuma
267 2720 384 2808 cupido
400 2719 575 2801 invaserat,
592 2745 665 2786 eum
680 2736 812 2812 propter
826 2745 921 2795 usum
931 2751 932 2754 ¹
943 2720 1037 2802 belli,
1057 2735 1126 2786 turn
1148 2719 1225 2810 quia

155 2848 205 2890 res
221 2849 333 2916 aspera
348 2826 531 2892 videbatur:
552 2844 584 2893 et
606 2829 756 2894 Metellus
776 2829 931 2919 oppidum
953 2828 1087 2893 Thalam
1107 2851 1224 2918 magna

155 2934 421 3024 gloriaeeperat,
442 2934 530 3001 haud
552 2937 748 3003 dissimiliter
771 2938 867 3003 situm
888 2938 1135 3026 munitumque:
1159 2935 1223 3000 nisi

154 3042 241 3130 quod
265 3042 350 3132 apud
375 3042 509 3107 Thalam
531 3067 595 3110 non
618 3044 712 3134 longe
736 3068 755 3109 a
778 3027 947 3109 moenibus
968 3043 1095 3133 aliquot
1117 3043 1223 3109 fontes

152 3163 259 3213 erant:
279 3151 455 3238 Capsenses
470 3175 535 3216 una
550 3151 664 3232 modo,
689 3167 784 3241 atque
807 3138 844 3216 ea
865 3153 949 3217 intra
964 3150 1137 3240 oppidum,
1152 3151 1222 3242 jugi

150 3279 248 3342 aqua3
264 3268 368 3319 cetera
383 3258 492 3346 pluvia
508 3260 686 3323 utebantur.
705 3259 743 3321 Id
758 3259 868 3347 ibique
891 3272 921 3322 et
941 3259 974 3322 in
992 3252 1079 3321 omui
1097 3257 1219 3340 Africa,

151 3384 234 3450 quae
249 3362 397 3451 procul-a
412 3387 498 3427 mare
514 3365 666 3430 incultius
684 3365 806 3454 agebat,
815 3388 852 3429 eo
868 3364 993 3430 facilius
1010 3364 1218 3446 tolerabatur,

152 3468 229 3557 quia
239 3467 408 3532 Numidiae
422 3469 611 3559 plerumque
625 3472 706 3536 lacte
721 3487 752 3535 et
769 3470 869 3536 ferina
885 3495 980 3536 carne
995 3467 1217 3560 vescebantur,

148 3599 252 3666 neque
260 3575 375 3655 salem,
385 3597 488 3663 neque
504 3577 565 3641 alia
579 3577 776 3644 irritamenta
791 3580 885 3668 gulae
901 3579 1105 3669 quaerebant.
1116 3578 1218 3643 Cibus

171 3806 180 3840 1
205 3788 242 3840 In
258 3787 363 3844 manus
375 3789 475 3845 venire
486 3784 562 3844 idem
574 3801 615 3844 est
627 3808 661 3846 ae
699 3802 741 3846 sta
759 3803 845 3859 suut,
865 3789 915 3845 uui
928 3786 1044 3844 Herculi
1064 3784 1217 3844 Alcmenae

149 3880 237 3915 triane
257 3883 423 3922 conserere.
698 3866 757 3922 lilio
767 3887 782 3922 a
792 3867 883 3942 poetis
893 3866 1066 3920 tribuuntur.
1076 3865 1130 3922 llic
1138 3864 1215 3940 Cap·

167 3954 182 3990 2
204 3937 287 3993 Multi
298 3952 493 3997 memorantur
504 3942 546 3998 He
552 3938 661 4009 rcules3
700 3962 747 4001 sae
758 3942 891 4001 eonditor
901 3953 962 4000 erat
973 3940 1106 4018 Libycus

145 4012 195 4067 sed
207 4033 407 4092 quaecumque
419 4018 455 4077 ab
467 4018 601 4076 omnibus
612 4036 661 4093 ges
