2888 4748
357 288 547 362 BELLUM
570 286 909 359 JUGURTHINUM
1133 307 1197 377 119

130 444 168 519 in
190 471 227 513 ea
241 459 350 539 parte,
374 469 437 536 qua
453 447 512 511 sita
528 459 611 523 erat,
635 467 739 509 arcem
763 442 871 532 regni,
894 436 1023 507 nomine
1048 435 1202 512 Zamam,

133 557 243 626 statuit
267 555 470 646 obpugnare3
494 568 581 619 ratus
595 552 656 632 id,
676 551 763 640 quod
777 548 941 638 negotium
956 545 1127 637 poscebat,
1142 541 1202 607 Ju-

132 663 281 752 gurtham
303 660 522 727 laborantibus
539 661 605 726 suis
626 659 744 725 auxilio
767 673 955 734 venturum,
979 654 1089 743 ibique
1112 664 1203 740 proe-

134 770 216 835 lium
238 769 316 834 forc.
342 769 386 859 At
409 771 483 849 ille,
507 792 588 858 quae
611 769 824 859 parabantur,
847 789 866 829 a
889 763 1031 854 perfugis
1055 759 1206 836 edoctus,

135 876 259 965 maguis
275 878 444 942 itineribus
461 878 627 941 Metellum
643 875 804 940 antevenit
823 900 830 936 ι
855 871 1032 962 oppidanos
1049 868 1207 944 hortatur,

134 984 263 1049 moenia
278 984 468 1064 defendant,
483 984 599 1055 additis
616 983 733 1048 auxilio
750 980 911 1071 perfugis3
935 976 1022 1066 quod
1045 997 1145 1064 genus
1168 995 1208 1038 ex

65 1170 69 1175 .
134 1092 239 1180 copiis
272 1092 381 1180 regis,
405 1091 481 1179 quia
512 1091 621 1156 fallere
645 1091 798 1179 nequibat
821 1091 855 1168 ¹,
878 1085 1107 1151 firmissumum
1131 1093 1207 1145 erat.

137 1198 307 1263 Praeterea
330 1199 518 1287 pollicetur,
548 1199 581 1262 in
606 1214 747 1288 tempore
772 1210 870 1261 semet
894 1216 967 1259 cum
991 1190 1130 1256 exercitu
1156 1186 1209 1251 ad·

135 1303 213 1370 fore.
240 1305 289 1368 lta
312 1305 496 1394 compositis
520 1305 679 1386 rebus,·in
700 1307 771 1369 loca
794 1326 890 1392 quam
914 1323 1060 1366 maxume
1084 1295 1210 1362 occulta

136 1410 290 1493 discedit,
315 1437 352 1478 ac
367 1427 440 1502 post
460 1413 569 1501 paullo
593 1413 757 1501 cognoscit
776 1439 782 1476 :
808 1412 948 1475 Marium
965 1433 1001 1473 ex
1017 1407 1129 1471 itinere
1144 1404 1211 1473 fru-

137 1533 314 1584 mentatum
338 1544 412 1585 cum
436 1521 548 1610 paucis
572 1520 758 1585 cohortibus
783 1519 909 1584 Siccam
932 1519 1066 1581 missum
1092 1542 1099 1578 :
1124 1511 1212 1602 quod

141 1625 296 1714 oppidum
319 1628 460 1716 primum
491 1629 633 1692 omnium
658 1629 869 1718 postmalam
897 1649 1038 1716 pugnam
1069 1624 1107 1689 ab
1138 1643 1213 1712 rege

137 1729 306 1797 defecerat
333 1733 381 1797 Eo
405 1757 479 1799 cnm
503 1735 633 1799 delectis
658 1733 819 1822 equitibus
844 1750 939 1799 noctu
963 1732 1087 1822 pergit,
1102 1746 1132 1796 et
1147 1735 1213 1814 jam

136 1837 375 1925 egredientibus
395 1841 549 1905 Romanis
565 1843 596 1904 in
614 1856 706 1930 porta
723 1864 862 1930 pugnam
877 1840 969 1904 facit:
987 1840 1083 1903 simul
1098 1856 1214 1926 magna

141 1965 220 2009 voce
232 1945 397 2010 Siccenses
409 1946 622 2028 hortatur‚uti
637 1949 777 2013 cohortes
794 1949 833 2010 ob
851 1966 935 2033 tergo
952 1948 1214 2010 circumveniunt:

130 2051 302 2133 fortunam
320 2054 387 2116 ittis
401 2055 563 2138 praeclari
568 2058 730 2140 facinoris
748 2082 855 2119 casum
871 2057 963 2134 dare,
975 2059 1003 2118 si
1018 2056 1216 2136 idsecerint3

140 2173 253 2242 posteo
272 2181 339 2223 sese
363 2162 396 2224 in
420 2187 515 2249 regno
529 2213 537 2241 ‚
553 2165 626 2228 illos
650 2167 683 2227 in
705 2165 852 2228 libertate
877 2168 945 2228 sine
967 2180 1051 2227 metu
1076 2175 1214 2224 oetatem

142 2280 279 2329 acturos.
297 2265 346 2330 Ac
362 2267 396 2330 ni
413 2270 536 2336 Marius
553 2271 642 2359 signa
658 2272 775 2337 inferre
790 2275 820 2352 ¹,
835 2287 931 2360 atque
947 2271 1079 2337 eradere
1095 2266 1215 2358 oppido

140 2372 394 2459 properavisset,
409 2375 552 2464 profecto
577 2379 684 2442 cuncti
709 2393 763 2443 aut
786 2402 899 2467 magna
922 2376 1215 2466 parisiacensium
1315 2412 1323 2429 2

142 2472 240 2551 fidem
249 2480 469 2545 mutavissent·-
487 2497 575 2546 tanta
588 2485 765 2551 mobilitate
780 2509 847 2550 sese
860 2485 1017 2549 Numidae
1032 2497 1138 2571 agunt.
1150 2481 1215 2549 sed

140 2583 256 2664 milites
273 2585 464 2674 ‚Iugurthini
479 2591 655 2679 paullisper
678 2592 717 2655 ab
741 2616 814 2681 rege
836 2593 1023 2672 sustentati,-
1045 2606 1216 2681 postquam

140 2693 310 2772 majorevi
326 2692 433 2758 hostes
449 2712 581 2783 urgent,
597 2699 710 2787 paucis
727 2701 851 2764 amissis
867 2699 996 2790 profugi
1012 2698 1203 2783 discedunt!

188 2797 279 2861 LXI.
306 2799 428 2865 Marius
446 2802 486 2866 ad
503 2805 635 2869 Zamam
657 2807 810 2896 pervenit
828 2807 866 2871 Id
882 2807 1038 2896 oppidum
1053 2807 1087 2870 in
1104 2827 1218 2893 campo

141 2901 257 2985 situm,
281 2908 382 2995 magis
407 2932 519 2998 opere,
544 2936 640 3000 quam
664 2929 778 2979 natura
801 2916 962 2980 munitum
987 2929 1071 2995 erat,
1095 2913 1217 2978 nullius

142 3010 275 3113 idoneae
299 3014 346 3077 rei
370 3037 485 3103 egens,
513 3021 610 3084 armis
634 3022 776 3110 virisque
800 3025 996 3112 opulentum.
1022 3022 1124 3109 Igitur
1149 3021 1216 3083 Me·

141 3117 254 3198 tellus,
277 3143 336 3207 pro
352 3135 494 3212 tempore
516 3141 611 3215 atque
635 3127 705 3193 loco
728 3131 847 3219 paratis
863 3132 975 3209 rebus,
999 3142 1113 3194 cuncta
1131 3139 1220 3193 moed

139 3225 193 3290 nia
217 3226 356 3291 exercitu
381 3229 592 3298 circumvenit
615 3233 646 3298 ³:
671 3237 781 3325 legatis
806 3239 966 3328 imperat,
990 3237 1046 3303 ubi
1078 3236 1216 3324 quisque

163 3423 174 3460 ¹
197 3404 270 3492 pfae
282 3407 659 3484 met¹121¹ainltomanorum
699 3429 756 3484 tur,
768 3438 883 3475 corona
894 3434 921 3477 et
933 3420 1092 3496 operibus:
1115 3420 1215 3492 operi-

141 3483 279 3566 atquibus
290 3482 488 3569 profugerant,
497 3507 599 3545 manus
609 3511 658 3546 ve·
697 3493 751 3549 bus
773 3516 838 3551 curn
860 3497 956 3564 vallo,
986 3499 1059 3551 fossa
1079 3493 1214 3548 munitio-

140 3568 243 3643 nuent.
258 3555 422 3644 'liecessrtas
440 3581 508 3637 ergo
528 3577 556 3620 et
574 3567 658 3621 timor
697 3569 840 3646 nibusque
863 3575 956 3630 cincta
980 3573 1067 3638 urbs,
1096 3570 1215 3640 insuper

140 3631 275 3718 supplicii
295 3653 343 3690 eos
368 3634 465 3693 firmos
490 3651 518 3694 et
541 3647 572 3696 iu
599 3641 655 3698 fide
687 3645 796 3713 vineis,
818 3649 915 3716 ariete,
936 3647 1054 3720 aliisque
1075 3642 1214 3698 machinis

142 3707 317 3797 ⁰⁰nl¹P⁰bal2
694 3723 861 3794 petebatur:
881 3743 995 3779 corona
1006 3741 1148 3778 verocunr
1163 3718 1213 3773 ad-

158 3799 179 3844 ,2
201 3783 286 3871 Sagra
309 3806 339 3840 an
355 3802 538 3863 campartem
551 3791 653 3850 infera·
692 3793 887 3866 bibitisscalis,
896 3801 921 3855 vi
931 3799 1043 3873 inipsos
1053 3815 1151 3851 muros
1160 3796 1213 3850 mi-

142 3855 297 3926 hamaran
309 3881 396 3936 quam
407 3865 480 3921 acies
490 3882 658 3926 converten-
697 3871 760 3928 lies
772 3875 938 3931 evadebant.
952 3872 1083 3931 Metellus
1095 3873 1214 3930 Zamam

141 3931 181 4064 dg
191 3946 660 4098 flialicsdupliciteroppugnaban·
698 3963 1014 4030 coronaoppugnam·
