<?xml version="1.0" encoding="UTF-8"?>
<!DOCTYPE html PUBLIC "-//W3C//DTD XHTML 1.0 Transitional//EN"
    "http://www.w3.org/TR/xhtml1/DTD/xhtml1-transitional.dtd">
<html xmlns="http://www.w3.org/1999/xhtml" xml:lang="en" lang="en">
 <head>
  <title>
</title>
<meta http-equiv="Content-Type" content="text/html;charset=utf-8" />
  <meta name='ocr-system' content='tesseract 3.04.00' />
  <meta name='ocr-capabilities' content='ocr_page ocr_carea ocr_par ocr_line ocrx_word'/>
</head>
<body>
  <div class='ocr_page' id='page_1' title='image "./opera00sallgoog_0111.png"; bbox 0 0 2888 4748; ppageno 0'>
   <div class='ocr_carea' id='block_1_1' title="bbox 448 338 1258 410">
    <p class='ocr_par' dir='ltr' id='par_1_1' title="bbox 448 338 1258 410">
     <span class='ocr_line' id='line_1_1' title="bbox 448 338 1258 410; baseline 0.005 -6"><span class='ocrx_word' id='word_1_1' title='bbox 448 339 637 406; x_wconf 84' lang='lat' dir='ltr'>BELLUM</span> <span class='ocrx_word' id='word_1_2' title='bbox 663 338 1003 408; x_wconf 78' lang='lat' dir='ltr'><strong>carrntunulttu</strong></span> <span class='ocrx_word' id='word_1_3' title='bbox 1219 347 1258 410; x_wconf 80' lang='lat'><strong>61</strong></span> 
     </span>
    </p>
   </div>
   <div class='ocr_carea' id='block_1_2' title="bbox 181 488 1328 3791">
    <p class='ocr_par' dir='ltr' id='par_1_2' title="bbox 181 488 1328 1542">
     <span class='ocr_line' id='line_1_2' title="bbox 199 488 1263 581; baseline 0 -27"><span class='ocrx_word' id='word_1_4' title='bbox 199 539 204 546; x_wconf 88' lang='lat'>.</span> <span class='ocrx_word' id='word_1_5' title='bbox 233 489 340 558; x_wconf 86' lang='lat' dir='ltr'><strong>LVII.</strong></span> <span class='ocrx_word' id='word_1_6' title='bbox 365 489 542 579; x_wconf 80' lang='lat' dir='ltr'><strong>Postquam</strong></span> <span class='ocrx_word' id='word_1_7' title='bbox 559 489 639 554; x_wconf 87' lang='lat' dir='ltr'><strong>Cato</strong></span> <span class='ocrx_word' id='word_1_8' title='bbox 655 488 796 568; x_wconf 83' lang='lat' dir='ltr'><strong>adsedit,</strong></span> <span class='ocrx_word' id='word_1_9' title='bbox 828 490 1012 554; x_wconf 86' lang='lat' dir='ltr'><strong>consulares</strong></span> <span class='ocrx_word' id='word_1_10' title='bbox 1028 512 1137 555; x_wconf 89' lang='lat' dir='ltr'><strong>omnes</strong></span> <span class='ocrx_word' id='word_1_11' title='bbox 1149 541 1160 581; x_wconf 13' lang='grc' dir='ltr'><strong>,ἱ</strong></span> <span class='ocrx_word' id='word_1_12' title='bbox 1172 491 1263 556; x_wconf 89' lang='lat' dir='ltr'><strong>item-</strong></span> 
     </span>
     <span class='ocr_line' id='line_1_3' title="bbox 188 597 1328 687; baseline 0.002 -24"><span class='ocrx_word' id='word_1_13' title='bbox 188 623 251 687; x_wconf 85' lang='lat' dir='ltr'><strong>que</strong></span> <span class='ocrx_word' id='word_1_14' title='bbox 266 612 394 665; x_wconf 88' lang='lat' dir='ltr'><strong>senatus</strong></span> <span class='ocrx_word' id='word_1_15' title='bbox 409 616 524 686; x_wconf 85' lang='lat' dir='ltr'><strong>magna</strong></span> <span class='ocrx_word' id='word_1_16' title='bbox 540 621 634 687; x_wconf 88' lang='lat' dir='ltr'><strong>pars,</strong></span> <span class='ocrx_word' id='word_1_17' title='bbox 650 597 840 662; x_wconf 85' lang='lat' dir='ltr'><strong>sententiam</strong></span> <span class='ocrx_word' id='word_1_18' title='bbox 855 599 924 678; x_wconf 84' lang='lat' dir='ltr'><strong>ejus</strong></span> <span class='ocrx_word' id='word_1_19' title='bbox 940 597 1091 678; x_wconf 90' lang='lat' dir='ltr'><strong>laudant,</strong></span> <span class='ocrx_word' id='word_1_20' title='bbox 1111 598 1263 665; x_wconf 78' lang='lat' dir='ltr'><strong>virtutem</strong></span> <span class='ocrx_word' id='word_1_21' title='bbox 1323 679 1328 685; x_wconf 26' lang='grc' dir='ltr'>Ι</span> 
     </span>
     <span class='ocr_line' id='line_1_4' title="bbox 184 703 1261 793; baseline 0 -25"><span class='ocrx_word' id='word_1_22' title='bbox 184 707 284 769; x_wconf 90' lang='lat' dir='ltr'><strong>animi</strong></span> <span class='ocrx_word' id='word_1_23' title='bbox 300 705 342 770; x_wconf 91' lang='lat' dir='ltr'><strong>ad</strong></span> <span class='ocrx_word' id='word_1_24' title='bbox 356 705 483 770; x_wconf 86' lang='lat' dir='ltr'><strong>coelum</strong></span> <span class='ocrx_word' id='word_1_25' title='bbox 498 705 604 768; x_wconf 87' lang='lat' dir='ltr'><strong>ferunt</strong></span> <span class='ocrx_word' id='word_1_26' title='bbox 623 730 630 767; x_wconf 74' lang='grc' dir='ltr'><strong><em>ε</em></strong></span> <span class='ocrx_word' id='word_1_27' title='bbox 655 703 711 768; x_wconf 86' lang='lat' dir='ltr'><strong>alii</strong></span> <span class='ocrx_word' id='word_1_28' title='bbox 734 703 813 768; x_wconf 90' lang='lat' dir='ltr'><strong>alios</strong></span> <span class='ocrx_word' id='word_1_29' title='bbox 837 703 1037 793; x_wconf 82' lang='lat' dir='ltr'>increpantes</span> <span class='ocrx_word' id='word_1_30' title='bbox 1061 705 1193 768; x_wconf 76' lang='lat' dir='ltr'><strong>timidos</strong></span> <span class='ocrx_word' id='word_1_31' title='bbox 1205 730 1261 774; x_wconf 82' lang='lat' dir='ltr'><strong>vo-</strong></span> 
     </span>
     <span class='ocr_line' id='line_1_5' title="bbox 186 809 1261 901; baseline 0.001 -25"><span class='ocrx_word' id='word_1_32' title='bbox 186 827 279 876; x_wconf 82' lang='lat' dir='ltr'><strong>cant:</strong></span> <span class='ocrx_word' id='word_1_33' title='bbox 297 813 377 877; x_wconf 86' lang='lat' dir='ltr'><strong>Cato</strong></span> <span class='ocrx_word' id='word_1_34' title='bbox 393 834 528 901; x_wconf 85' lang='lat' dir='ltr'><strong>magnus</strong></span> <span class='ocrx_word' id='word_1_35' title='bbox 544 826 639 900; x_wconf 90' lang='lat' dir='ltr'><strong>atque</strong></span> <span class='ocrx_word' id='word_1_36' title='bbox 659 811 764 875; x_wconf 87' lang='lat' dir='ltr'><strong>clarus</strong></span> <span class='ocrx_word' id='word_1_37' title='bbox 788 809 950 874; x_wconf 89' lang='lat' dir='ltr'><strong>habetur:</strong></span> <span class='ocrx_word' id='word_1_38' title='bbox 976 811 1076 875; x_wconf 90' lang='lat' dir='ltr'><strong>senati</strong></span> <span class='ocrx_word' id='word_1_39' title='bbox 1098 810 1261 877; x_wconf 88' lang='lat' dir='ltr'><strong>decretum</strong></span> 
     </span>
     <span class='ocr_line' id='line_1_6' title="bbox 186 917 1260 1004; baseline 0.003 -23"><span class='ocrx_word' id='word_1_40' title='bbox 186 917 241 998; x_wconf 74' lang='lat' dir='ltr'><strong>sat,</strong></span> <span class='ocrx_word' id='word_1_41' title='bbox 258 920 342 984; x_wconf 89' lang='lat' dir='ltr'><strong>sicut</strong></span> <span class='ocrx_word' id='word_1_42' title='bbox 363 919 417 984; x_wconf 88' lang='lat' dir='ltr'><strong>ille</strong></span> <span class='ocrx_word' id='word_1_43' title='bbox 440 933 614 984; x_wconf 87' lang='lat' dir='ltr'><strong>censuerat.</strong></span> <span class='ocrx_word' id='word_1_44' title='bbox 633 917 697 981; x_wconf 86' lang='lat' dir='ltr'><strong>Sed</strong></span> <span class='ocrx_word' id='word_1_45' title='bbox 712 917 809 997; x_wconf 90' lang='lat' dir='ltr'><strong>mihi,</strong></span> <span class='ocrx_word' id='word_1_46' title='bbox 824 917 925 982; x_wconf 89' lang='lat' dir='ltr'><strong>multa</strong></span> <span class='ocrx_word' id='word_1_47' title='bbox 940 917 1074 1004; x_wconf 87' lang='lat' dir='ltr'><strong>legenti,</strong></span> <span class='ocrx_word' id='word_1_48' title='bbox 1090 918 1190 986; x_wconf 92' lang='lat' dir='ltr'><strong>multa</strong></span> <span class='ocrx_word' id='word_1_49' title='bbox 1206 943 1260 984; x_wconf 92' lang='lat' dir='ltr'><strong>au·</strong></span> 
     </span>
     <span class='ocr_line' id='line_1_7' title="bbox 184 1024 1259 1115; baseline -0.004 -22"><span class='ocrx_word' id='word_1_50' title='bbox 184 1025 307 1106; x_wconf 76' lang='lat' dir='ltr'><strong>dicati,</strong></span> <span class='ocrx_word' id='word_1_51' title='bbox 323 1049 415 1115; x_wconf 84' lang='lat' dir='ltr'><strong>quae</strong></span> <span class='ocrx_word' id='word_1_52' title='bbox 444 1025 585 1114; x_wconf 88' lang='lat' dir='ltr'><strong>populus</strong></span> <span class='ocrx_word' id='word_1_53' title='bbox 616 1025 782 1089; x_wconf 85' lang='lat' dir='ltr'><strong>Romanus</strong></span> <span class='ocrx_word' id='word_1_54' title='bbox 814 1024 899 1088; x_wconf 92' lang='lat' dir='ltr'><strong>domi</strong></span> <span class='ocrx_word' id='word_1_55' title='bbox 930 1024 1145 1113; x_wconf 82' lang='lat' dir='ltr'><strong>militiaeque,</strong></span> <span class='ocrx_word' id='word_1_56' title='bbox 1176 1025 1259 1090; x_wconf 91' lang='lat' dir='ltr'><strong>mari</strong></span> 
     </span>
     <span class='ocr_line' id='line_1_8' title="bbox 182 1129 1259 1221; baseline -0.003 -22"><span class='ocrx_word' id='word_1_57' title='bbox 182 1146 278 1221; x_wconf 73' lang='lat' dir='ltr'><strong>atque</strong></span> <span class='ocrx_word' id='word_1_58' title='bbox 292 1147 376 1198; x_wconf 86' lang='lat' dir='ltr'><strong>terra</strong></span> <span class='ocrx_word' id='word_1_59' title='bbox 390 1132 554 1221; x_wconf 86' lang='lat' dir='ltr'><strong>praeclara</strong></span> <span class='ocrx_word' id='word_1_60' title='bbox 569 1130 711 1195; x_wconf 80' lang='lat' dir='ltr'><strong>facinora</strong></span> <span class='ocrx_word' id='word_1_61' title='bbox 726 1131 820 1210; x_wconf 89' lang='lat' dir='ltr'><strong>fecit,</strong></span> <span class='ocrx_word' id='word_1_62' title='bbox 844 1129 925 1195; x_wconf 84' lang='lat' dir='ltr'><strong>forte</strong></span> <span class='ocrx_word' id='word_1_63' title='bbox 940 1131 1047 1196; x_wconf 90' lang='lat' dir='ltr'><strong>lubuit</strong></span> <span class='ocrx_word' id='word_1_64' title='bbox 1067 1131 1259 1212; x_wconf 80' lang='lat' dir='ltr'><strong>adtendere,</strong></span> 
     </span>
     <span class='ocr_line' id='line_1_9' title="bbox 184 1237 1258 1326; baseline 0.001 -23"><span class='ocrx_word' id='word_1_65' title='bbox 184 1262 331 1326; x_wconf 86' lang='lat' dir='ltr'><strong>quaeres</strong></span> <span class='ocrx_word' id='word_1_66' title='bbox 347 1250 596 1303; x_wconf 83' lang='lat' dir='ltr'><strong>maxumetanta</strong></span> <span class='ocrx_word' id='word_1_67' title='bbox 616 1238 743 1325; x_wconf 87' lang='lat' dir='ltr'><strong>negotia</strong></span> <span class='ocrx_word' id='word_1_68' title='bbox 766 1237 976 1302; x_wconf 77' lang='lat' dir='ltr'><strong>sustinuisset.</strong></span> <span class='ocrx_word' id='word_1_69' title='bbox 1001 1238 1168 1318; x_wconf 78' lang='lat' dir='ltr'><strong>Sciebam,</strong></span> <span class='ocrx_word' id='word_1_70' title='bbox 1191 1262 1258 1304; x_wconf 87' lang='lat' dir='ltr'><strong>sae·</strong></span> 
     </span>
     <span class='ocr_line' id='line_1_10' title="bbox 181 1344 1258 1435; baseline 0.001 -26"><span class='ocrx_word' id='word_1_71' title='bbox 181 1367 357 1435; x_wconf 90' lang='lat' dir='ltr'><strong>penumero</strong></span> <span class='ocrx_word' id='word_1_72' title='bbox 372 1369 470 1435; x_wconf 84' lang='lat' dir='ltr'><strong>parva</strong></span> <span class='ocrx_word' id='word_1_73' title='bbox 485 1367 673 1409; x_wconf 84' lang='lat' dir='ltr'><strong>manucum</strong></span> <span class='ocrx_word' id='word_1_74' title='bbox 689 1345 811 1432; x_wconf 90' lang='lat' dir='ltr'><strong>maguis</strong></span> <span class='ocrx_word' id='word_1_75' title='bbox 826 1344 1007 1433; x_wconf 87' lang='lat' dir='ltr'><strong>legionibus</strong></span> <span class='ocrx_word' id='word_1_76' title='bbox 1022 1345 1164 1410; x_wconf 92' lang='lat' dir='ltr'><strong>hostium</strong></span> <span class='ocrx_word' id='word_1_77' title='bbox 1180 1368 1258 1410; x_wconf 85' lang='lat' dir='ltr'><strong>con·</strong></span> 
     </span>
     <span class='ocr_line' id='line_1_11' title="bbox 181 1451 1256 1542; baseline 0 -25"><span class='ocrx_word' id='word_1_78' title='bbox 181 1452 338 1517; x_wconf 87' lang='lat' dir='ltr'><strong>tendisse:</strong></span> <span class='ocrx_word' id='word_1_79' title='bbox 355 1466 576 1541; x_wconf 76' lang='lat' dir='ltr'><strong>cognoveram,</strong></span> <span class='ocrx_word' id='word_1_80' title='bbox 591 1451 698 1541; x_wconf 84' lang='lat' dir='ltr'><strong>parvis</strong></span> <span class='ocrx_word' id='word_1_81' title='bbox 715 1451 816 1540; x_wconf 90' lang='lat' dir='ltr'><strong>copiis</strong></span> <span class='ocrx_word' id='word_1_82' title='bbox 832 1451 915 1515; x_wconf 90' lang='lat' dir='ltr'><strong>bella</strong></span> <span class='ocrx_word' id='word_1_83' title='bbox 931 1466 1018 1540; x_wconf 86' lang='lat' dir='ltr'><strong>gesta</strong></span> <span class='ocrx_word' id='word_1_84' title='bbox 1033 1476 1108 1520; x_wconf 89' lang='lat' dir='ltr'><strong>cum</strong></span> <span class='ocrx_word' id='word_1_85' title='bbox 1123 1453 1256 1542; x_wconf 91' lang='lat' dir='ltr'><strong>opulen-</strong></span> 
     </span>
    </p>

    <p class='ocr_par' dir='ltr' id='par_1_3' title="bbox 183 1546 1323 1753">
     <span class='ocr_line' id='line_1_12' title="bbox 183 1546 1323 1647; baseline 0 -23"><span class='ocrx_word' id='word_1_86' title='bbox 183 1561 224 1624; x_wconf 82' lang='lat' dir='ltr'><strong>u&#39;s</strong></span> <span class='ocrx_word' id='word_1_87' title='bbox 240 1559 388 1647; x_wconf 85' lang='lat' dir='ltr'><strong>regibus:</strong></span> <span class='ocrx_word' id='word_1_88' title='bbox 411 1558 451 1623; x_wconf 93' lang='lat' dir='ltr'><strong>ad</strong></span> <span class='ocrx_word' id='word_1_89' title='bbox 470 1558 550 1640; x_wconf 92' lang='lat' dir='ltr'><strong>hoc,</strong></span> <span class='ocrx_word' id='word_1_90' title='bbox 573 1581 667 1647; x_wconf 87' lang='lat' dir='ltr'><strong>saepe</strong></span> <span class='ocrx_word' id='word_1_91' title='bbox 682 1557 830 1627; x_wconf 82' lang='lat' dir='ltr'><strong>fortunae</strong></span> <span class='ocrx_word' id='word_1_92' title='bbox 844 1559 1028 1624; x_wconf 86' lang='lat' dir='ltr'><strong>violentiam</strong></span> <span class='ocrx_word' id='word_1_93' title='bbox 1044 1560 1228 1625; x_wconf 86' lang='lat' dir='ltr'><strong>toleravisse</strong></span> <span class='ocrx_word' id='word_1_94' title='bbox 1248 1587 1255 1624; x_wconf 92' lang='lat'><strong>:</strong></span> <span class='ocrx_word' id='word_1_95' title='bbox 1319 1546 1323 1553; x_wconf 37' lang='lat'><strong>⁶</strong></span> 
     </span>
     <span class='ocr_line' id='line_1_13' title="bbox 184 1665 1255 1753; baseline 0 -22"><span class='ocrx_word' id='word_1_96' title='bbox 184 1667 334 1732; x_wconf 77' lang='lat' dir='ltr'><strong>facundia</strong></span> <span class='ocrx_word' id='word_1_97' title='bbox 351 1667 508 1746; x_wconf 85' lang='lat' dir='ltr'><strong>Graecos,</strong></span> <span class='ocrx_word' id='word_1_98' title='bbox 523 1665 624 1753; x_wconf 90' lang='lat' dir='ltr'><strong>gloria</strong></span> <span class='ocrx_word' id='word_1_99' title='bbox 639 1665 714 1730; x_wconf 87' lang='lat' dir='ltr'><strong>belli</strong></span> <span class='ocrx_word' id='word_1_100' title='bbox 732 1665 842 1730; x_wconf 89' lang='lat' dir='ltr'><strong>Gallos</strong></span> <span class='ocrx_word' id='word_1_101' title='bbox 865 1680 937 1730; x_wconf 90' lang='lat' dir='ltr'><strong>ante</strong></span> <span class='ocrx_word' id='word_1_102' title='bbox 960 1666 1122 1731; x_wconf 89' lang='lat' dir='ltr'><strong>Romanos</strong></span> <span class='ocrx_word' id='word_1_103' title='bbox 1145 1666 1255 1731; x_wconf 86' lang='lat' dir='ltr'><strong>fuisse.</strong></span> 
     </span>
    </p>

    <p class='ocr_par' dir='ltr' id='par_1_4' title="bbox 182 1772 1256 3791">
     <span class='ocr_line' id='line_1_14' title="bbox 186 1772 1256 1861; baseline 0.001 -23"><span class='ocrx_word' id='word_1_104' title='bbox 186 1773 237 1838; x_wconf 81' lang='lat' dir='ltr'><strong>Ac</strong></span> <span class='ocrx_word' id='word_1_105' title='bbox 250 1773 349 1852; x_wconf 92' lang='lat' dir='ltr'><strong>mihi,</strong></span> <span class='ocrx_word' id='word_1_106' title='bbox 362 1773 465 1840; x_wconf 88' lang='lat' dir='ltr'><strong>multa</strong></span> <span class='ocrx_word' id='word_1_107' title='bbox 482 1772 632 1860; x_wconf 84' lang='lat' dir='ltr'><strong>agitanti,</strong></span> <span class='ocrx_word' id='word_1_108' title='bbox 648 1773 829 1852; x_wconf 86' lang='lat' dir='ltr'><strong>constabat,</strong></span> <span class='ocrx_word' id='word_1_109' title='bbox 843 1795 1020 1861; x_wconf 85' lang='lat' dir='ltr'><strong>paucorum</strong></span> <span class='ocrx_word' id='word_1_110' title='bbox 1037 1773 1155 1838; x_wconf 91' lang='lat' dir='ltr'><strong>civium</strong></span> <span class='ocrx_word' id='word_1_111' title='bbox 1170 1797 1256 1861; x_wconf 87' lang='lat' dir='ltr'><strong>egre·</strong></span> 
     </span>
     <span class='ocr_line' id='line_1_15' title="bbox 185 1877 1255 1975; baseline 0.003 -31"><span class='ocrx_word' id='word_1_112' title='bbox 185 1881 270 1975; x_wconf 81' lang='lat' dir='ltr'><strong>giam</strong></span> <span class='ocrx_word' id='word_1_113' title='bbox 285 1881 435 1947; x_wconf 87' lang='lat' dir='ltr'><strong>virtutem</strong></span> <span class='ocrx_word' id='word_1_114' title='bbox 451 1894 566 1949; x_wconf 88' lang='lat' dir='ltr'><strong>cuncta</strong></span> <span class='ocrx_word' id='word_1_115' title='bbox 581 1879 774 1968; x_wconf 81' lang='lat' dir='ltr'><strong>patravisse3</strong></span> <span class='ocrx_word' id='word_1_116' title='bbox 789 1901 891 1967; x_wconf 89' lang='lat' dir='ltr'><strong>coque</strong></span> <span class='ocrx_word' id='word_1_117' title='bbox 906 1877 1044 1958; x_wconf 88' lang='lat' dir='ltr'><strong>factum,</strong></span> <span class='ocrx_word' id='word_1_118' title='bbox 1064 1880 1112 1943; x_wconf 90' lang='lat' dir='ltr'><strong>uti</strong></span> <span class='ocrx_word' id='word_1_119' title='bbox 1128 1880 1255 1947; x_wconf 86' lang='lat' dir='ltr'><strong>divitias</strong></span> 
     </span>
     <span class='ocr_line' id='line_1_16' title="bbox 185 1985 1256 2078; baseline 0.001 -26"><span class='ocrx_word' id='word_1_120' title='bbox 185 2003 368 2078; x_wconf 83' lang='lat' dir='ltr'><strong>paupertas,</strong></span> <span class='ocrx_word' id='word_1_121' title='bbox 384 1985 621 2053; x_wconf 87' lang='lat' dir='ltr'><strong>multitudinem</strong></span> <span class='ocrx_word' id='word_1_122' title='bbox 636 1986 780 2073; x_wconf 86' lang='lat' dir='ltr'><strong>paucitas</strong></span> <span class='ocrx_word' id='word_1_123' title='bbox 797 1999 967 2074; x_wconf 88' lang='lat' dir='ltr'><strong>superaret.</strong></span> <span class='ocrx_word' id='word_1_124' title='bbox 987 1986 1061 2066; x_wconf 84' lang='lat' dir='ltr'><strong>Sed,</strong></span> <span class='ocrx_word' id='word_1_125' title='bbox 1085 2002 1256 2076; x_wconf 89' lang='lat' dir='ltr'><strong>postquam</strong></span> 
     </span>
     <span class='ocr_line' id='line_1_17' title="bbox 184 2091 1254 2182; baseline -0.001 -23"><span class='ocrx_word' id='word_1_126' title='bbox 184 2095 264 2160; x_wconf 85' lang='lat' dir='ltr'><strong>luxu</strong></span> <span class='ocrx_word' id='word_1_127' title='bbox 292 2108 387 2182; x_wconf 91' lang='lat' dir='ltr'><strong>atque</strong></span> <span class='ocrx_word' id='word_1_128' title='bbox 417 2091 537 2157; x_wconf 88' lang='lat' dir='ltr'><strong>desidia</strong></span> <span class='ocrx_word' id='word_1_129' title='bbox 560 2092 670 2157; x_wconf 89' lang='lat' dir='ltr'><strong>civitas</strong></span> <span class='ocrx_word' id='word_1_130' title='bbox 693 2107 843 2182; x_wconf 86' lang='lat' dir='ltr'><strong>corrupta</strong></span> <span class='ocrx_word' id='word_1_131' title='bbox 868 2107 932 2172; x_wconf 88' lang='lat' dir='ltr'><strong>est,</strong></span> <span class='ocrx_word' id='word_1_132' title='bbox 954 2115 1065 2158; x_wconf 87' lang='lat' dir='ltr'><strong>rursus</strong></span> <span class='ocrx_word' id='word_1_133' title='bbox 1087 2094 1254 2182; x_wconf 81' lang='lat' dir='ltr'><strong>Respubli·</strong></span> 
     </span>
     <span class='ocr_line' id='line_1_18' title="bbox 186 2198 1256 2290; baseline -0.002 -22"><span class='ocrx_word' id='word_1_134' title='bbox 186 2227 224 2268; x_wconf 87' lang='lat' dir='ltr'><strong>ea</strong></span> <span class='ocrx_word' id='word_1_135' title='bbox 239 2198 530 2290; x_wconf 82' lang='lat' dir='ltr'><strong>magnitudinesua</strong></span> <span class='ocrx_word' id='word_1_136' title='bbox 549 2200 776 2288; x_wconf 89' lang='lat' dir='ltr'><strong>imperatorum</strong></span> <span class='ocrx_word' id='word_1_137' title='bbox 800 2214 895 2288; x_wconf 89' lang='lat' dir='ltr'><strong>atque</strong></span> <span class='ocrx_word' id='word_1_138' title='bbox 914 2201 1155 2288; x_wconf 82' lang='lat' dir='ltr'><strong>magistratuum</strong></span> <span class='ocrx_word' id='word_1_139' title='bbox 1178 2201 1256 2267; x_wconf 89' lang='lat' dir='ltr'><strong>vitia</strong></span> 
     </span>
     <span class='ocr_line' id='line_1_19' title="bbox 186 2302 1255 2396; baseline -0.003 -21"><span class='ocrx_word' id='word_1_140' title='bbox 186 2309 393 2387; x_wconf 81' lang='lat' dir='ltr'><strong>sustentabat3</strong></span> <span class='ocrx_word' id='word_1_141' title='bbox 409 2331 465 2388; x_wconf 89' lang='lat' dir='ltr'><strong>ac,</strong></span> <span class='ocrx_word' id='word_1_142' title='bbox 481 2307 581 2374; x_wconf 87' lang='lat' dir='ltr'><strong>veluti</strong></span> <span class='ocrx_word' id='word_1_143' title='bbox 596 2307 710 2372; x_wconf 86' lang='lat' dir='ltr'><strong>effoeta</strong></span> <span class='ocrx_word' id='word_1_144' title='bbox 724 2322 892 2396; x_wconf 86' lang='lat' dir='ltr'><strong>parentum</strong></span> <span class='ocrx_word' id='word_1_145' title='bbox 903 2316 922 2386; x_wconf 89' lang='lat'><strong>¹,</strong></span> <span class='ocrx_word' id='word_1_146' title='bbox 938 2302 1046 2371; x_wconf 78' lang='lat' dir='ltr'><strong>muliis</strong></span> <span class='ocrx_word' id='word_1_147' title='bbox 1062 2310 1255 2396; x_wconf 89' lang='lat' dir='ltr'><strong>tempestati·</strong></span> 
     </span>
     <span class='ocr_line' id='line_1_20' title="bbox 184 2411 1256 2502; baseline -0.001 -21"><span class='ocrx_word' id='word_1_148' title='bbox 184 2419 245 2482; x_wconf 89' lang='lat' dir='ltr'><strong>bus</strong></span> <span class='ocrx_word' id='word_1_149' title='bbox 269 2414 356 2481; x_wconf 90' lang='lat' dir='ltr'><strong>haud</strong></span> <span class='ocrx_word' id='word_1_150' title='bbox 379 2437 454 2483; x_wconf 85' lang='lat' dir='ltr'><strong>sane</strong></span> <span class='ocrx_word' id='word_1_151' title='bbox 478 2416 648 2502; x_wconf 88' lang='lat' dir='ltr'><strong>quisquam</strong></span> <span class='ocrx_word' id='word_1_152' title='bbox 663 2411 785 2477; x_wconf 88' lang='lat' dir='ltr'><strong>Romae</strong></span> <span class='ocrx_word' id='word_1_153' title='bbox 804 2413 920 2479; x_wconf 90' lang='lat' dir='ltr'><strong>virtute</strong></span> <span class='ocrx_word' id='word_1_154' title='bbox 944 2435 1077 2500; x_wconf 86' lang='lat' dir='ltr'><strong>magnus</strong></span> <span class='ocrx_word' id='word_1_155' title='bbox 1093 2413 1162 2478; x_wconf 89' lang='lat' dir='ltr'><strong>fuit.</strong></span> <span class='ocrx_word' id='word_1_156' title='bbox 1190 2415 1256 2480; x_wconf 87' lang='lat' dir='ltr'><strong>Sed</strong></span> 
     </span>
     <span class='ocr_line' id='line_1_21' title="bbox 183 2518 1255 2607; baseline -0.003 -19"><span class='ocrx_word' id='word_1_157' title='bbox 183 2524 336 2588; x_wconf 79' lang='lat' dir='ltr'><strong>anemoria</strong></span> <span class='ocrx_word' id='word_1_158' title='bbox 352 2545 440 2600; x_wconf 89' lang='lat' dir='ltr'><strong>mea,</strong></span> <span class='ocrx_word' id='word_1_159' title='bbox 464 2520 585 2607; x_wconf 84' lang='lat' dir='ltr'><strong>ingenti</strong></span> <span class='ocrx_word' id='word_1_160' title='bbox 600 2520 736 2597; x_wconf 88' lang='lat' dir='ltr'><strong>virtute,</strong></span> <span class='ocrx_word' id='word_1_161' title='bbox 760 2518 892 2586; x_wconf 82' lang='lat' dir='ltr'><strong>diversis</strong></span> <span class='ocrx_word' id='word_1_162' title='bbox 909 2519 1072 2598; x_wconf 80' lang='lat' dir='ltr'><strong>moribus,</strong></span> <span class='ocrx_word' id='word_1_163' title='bbox 1088 2519 1177 2584; x_wconf 89' lang='lat' dir='ltr'><strong>fuere</strong></span> <span class='ocrx_word' id='word_1_164' title='bbox 1191 2522 1255 2587; x_wconf 87' lang='lat' dir='ltr'><strong>viri</strong></span> 
     </span>
     <span class='ocr_line' id='line_1_22' title="bbox 183 2626 1254 2714; baseline -0.002 -18"><span class='ocrx_word' id='word_1_165' title='bbox 183 2632 268 2710; x_wconf 88' lang='lat' dir='ltr'><strong>duo,</strong></span> <span class='ocrx_word' id='word_1_166' title='bbox 284 2630 328 2693; x_wconf 90' lang='grc' dir='ltr'><strong>Μ.</strong></span> <span class='ocrx_word' id='word_1_167' title='bbox 348 2630 447 2706; x_wconf 89' lang='lat' dir='ltr'><strong>Cato,</strong></span> <span class='ocrx_word' id='word_1_168' title='bbox 465 2627 499 2691; x_wconf 82' lang='lat' dir='ltr'><strong>G.</strong></span> <span class='ocrx_word' id='word_1_169' title='bbox 520 2628 655 2690; x_wconf 87' lang='lat' dir='ltr'><strong>Caesar:</strong></span> <span class='ocrx_word' id='word_1_170' title='bbox 673 2649 772 2714; x_wconf 89' lang='lat' dir='ltr'><strong>quos,</strong></span> <span class='ocrx_word' id='word_1_171' title='bbox 789 2627 942 2714; x_wconf 89' lang='lat' dir='ltr'><strong>quoniam</strong></span> <span class='ocrx_word' id='word_1_172' title='bbox 955 2649 1006 2690; x_wconf 87' lang='lat' dir='ltr'><strong>res</strong></span> <span class='ocrx_word' id='word_1_173' title='bbox 1022 2626 1197 2710; x_wconf 87' lang='lat' dir='ltr'><strong>obtulerat,</strong></span> <span class='ocrx_word' id='word_1_174' title='bbox 1213 2631 1254 2694; x_wconf 88' lang='lat' dir='ltr'><strong>si·</strong></span> 
     </span>
     <span class='ocr_line' id='line_1_23' title="bbox 183 2732 1253 2827; baseline -0.002 -24"><span class='ocrx_word' id='word_1_175' title='bbox 183 2737 283 2803; x_wconf 89' lang='lat' dir='ltr'><strong>lentio</strong></span> <span class='ocrx_word' id='word_1_176' title='bbox 298 2736 470 2827; x_wconf 86' lang='lat' dir='ltr'><strong>praeterire</strong></span> <span class='ocrx_word' id='word_1_177' title='bbox 494 2757 558 2798; x_wconf 88' lang='lat' dir='ltr'><strong>non</strong></span> <span class='ocrx_word' id='word_1_178' title='bbox 581 2732 643 2799; x_wconf 85' lang='lat' dir='ltr'><strong>fuit</strong></span> <span class='ocrx_word' id='word_1_179' title='bbox 666 2733 852 2814; x_wconf 90' lang='lat' dir='ltr'><strong>consilium,</strong></span> <span class='ocrx_word' id='word_1_180' title='bbox 877 2734 955 2822; x_wconf 89' lang='lat' dir='ltr'><strong>quin</strong></span> <span class='ocrx_word' id='word_1_181' title='bbox 978 2734 1146 2824; x_wconf 86' lang='lat' dir='ltr'><strong>utriusque</strong></span> <span class='ocrx_word' id='word_1_182' title='bbox 1162 2751 1253 2802; x_wconf 92' lang='lat' dir='ltr'><strong>natu-</strong></span> 
     </span>
     <span class='ocr_line' id='line_1_24' title="bbox 183 2841 1253 2932; baseline -0.001 -22"><span class='ocrx_word' id='word_1_183' title='bbox 183 2869 252 2911; x_wconf 82' lang='lat' dir='ltr'><strong>ram</strong></span> <span class='ocrx_word' id='word_1_184' title='bbox 280 2860 312 2912; x_wconf 87' lang='lat' dir='ltr'><strong>et</strong></span> <span class='ocrx_word' id='word_1_185' title='bbox 334 2867 454 2923; x_wconf 82' lang='lat' dir='ltr'><strong>mores,</strong></span> <span class='ocrx_word' id='word_1_186' title='bbox 478 2856 632 2932; x_wconf 89' lang='lat' dir='ltr'><strong>quantum</strong></span> <span class='ocrx_word' id='word_1_187' title='bbox 653 2841 780 2929; x_wconf 88' lang='lat' dir='ltr'><strong>ingenio</strong></span> <span class='ocrx_word' id='word_1_188' title='bbox 803 2865 948 2929; x_wconf 87' lang='lat' dir='ltr'><strong>possem,</strong></span> <span class='ocrx_word' id='word_1_189' title='bbox 964 2843 1128 2931; x_wconf 84' lang='lat' dir='ltr'><strong>aperirem.</strong></span> <span class='ocrx_word' id='word_1_190' title='bbox 1150 2843 1253 2932; x_wconf 80' lang='lat' dir='ltr'><strong>Igitur</strong></span> 
     </span>
     <span class='ocr_line' id='line_1_25' title="bbox 183 2949 1252 3041; baseline -0.002 -24"><span class='ocrx_word' id='word_1_191' title='bbox 183 2954 234 3018; x_wconf 83' lang='lat' dir='ltr'><strong>his</strong></span> <span class='ocrx_word' id='word_1_192' title='bbox 250 2976 369 3041; x_wconf 85' lang='lat' dir='ltr'><strong>genus,</strong></span> <span class='ocrx_word' id='word_1_193' title='bbox 385 2965 485 3029; x_wconf 86' lang='lat' dir='ltr'><strong>aetas,</strong></span> <span class='ocrx_word' id='word_1_194' title='bbox 502 2950 681 3039; x_wconf 90' lang='lat' dir='ltr'><strong>eloquentia</strong></span> <span class='ocrx_word' id='word_1_195' title='bbox 698 2972 802 3038; x_wconf 72' lang='lat' dir='ltr'><strong>prope,</strong></span> <span class='ocrx_word' id='word_1_196' title='bbox 814 2949 958 3036; x_wconf 88' lang='lat' dir='ltr'><strong>aequalia</strong></span> <span class='ocrx_word' id='word_1_197' title='bbox 973 2950 1080 3015; x_wconf 87' lang='lat' dir='ltr'><strong>fuere:</strong></span> <span class='ocrx_word' id='word_1_198' title='bbox 1096 2953 1252 3041; x_wconf 85' lang='lat' dir='ltr'><strong>magnitu-</strong></span> 
     </span>
     <span class='ocr_line' id='line_1_26' title="bbox 185 3053 1253 3147; baseline -0.001 -24"><span class='ocrx_word' id='word_1_199' title='bbox 185 3061 225 3124; x_wconf 88' lang='lat' dir='ltr'><strong>do</strong></span> <span class='ocrx_word' id='word_1_200' title='bbox 242 3061 338 3123; x_wconf 90' lang='lat' dir='ltr'><strong>animi</strong></span> <span class='ocrx_word' id='word_1_201' title='bbox 353 3083 422 3147; x_wconf 87' lang='lat' dir='ltr'><strong>par,</strong></span> <span class='ocrx_word' id='word_1_202' title='bbox 437 3053 644 3146; x_wconf 54' lang='lat' dir='ltr'><strong>item&#39;gloria:</strong></span> <span class='ocrx_word' id='word_1_203' title='bbox 662 3055 717 3121; x_wconf 90' lang='lat' dir='ltr'><strong>sed</strong></span> <span class='ocrx_word' id='word_1_204' title='bbox 733 3057 795 3119; x_wconf 92' lang='lat' dir='ltr'><strong>alia</strong></span> <span class='ocrx_word' id='word_1_205' title='bbox 811 3056 872 3120; x_wconf 90' lang='lat' dir='ltr'><strong>alii.</strong></span> <span class='ocrx_word' id='word_1_206' title='bbox 892 3057 1010 3121; x_wconf 85' lang='lat' dir='ltr'><strong>Cacsar</strong></span> <span class='ocrx_word' id='word_1_207' title='bbox 1028 3056 1191 3122; x_wconf 87' lang='lat' dir='ltr'><strong>beneficiis</strong></span> <span class='ocrx_word' id='word_1_208' title='bbox 1215 3083 1253 3122; x_wconf 93' lang='lat' dir='ltr'><strong>ac</strong></span> 
     </span>
     <span class='ocr_line' id='line_1_27' title="bbox 184 3163 1251 3253; baseline -0.002 -22"><span class='ocrx_word' id='word_1_209' title='bbox 184 3165 402 3231; x_wconf 84' lang='lat' dir='ltr'><strong>munificentia</strong></span> <span class='ocrx_word' id='word_1_210' title='bbox 422 3189 556 3253; x_wconf 90' lang='lat' dir='ltr'><strong>maguus</strong></span> <span class='ocrx_word' id='word_1_211' title='bbox 577 3164 772 3242; x_wconf 89' lang='lat' dir='ltr'><strong>habebatur,</strong></span> <span class='ocrx_word' id='word_1_212' title='bbox 794 3163 972 3250; x_wconf 87' lang='lat' dir='ltr'><strong>integritate</strong></span> <span class='ocrx_word' id='word_1_213' title='bbox 987 3164 1070 3229; x_wconf 85' lang='lat' dir='ltr'><strong>vitae</strong></span> <span class='ocrx_word' id='word_1_214' title='bbox 1087 3164 1175 3228; x_wconf 86' lang='lat' dir='ltr'><strong>Cato.</strong></span> <span class='ocrx_word' id='word_1_215' title='bbox 1193 3165 1251 3230; x_wconf 88' lang='lat' dir='ltr'><strong>Ille</strong></span> 
     </span>
     <span class='ocr_line' id='line_1_28' title="bbox 182 3260 1250 3344; baseline 0 -7"><span class='ocrx_word' id='word_1_216' title='bbox 182 3269 425 3344; x_wconf 87' lang='lat' dir='ltr'><strong>mansuetudine</strong></span> <span class='ocrx_word' id='word_1_217' title='bbox 447 3287 478 3336; x_wconf 88' lang='lat' dir='ltr'><strong>et</strong></span> <span class='ocrx_word' id='word_1_218' title='bbox 500 3260 716 3337; x_wconf 81' lang='lat' dir='ltr'><strong>misericordia</strong></span> <span class='ocrx_word' id='word_1_219' title='bbox 737 3269 841 3334; x_wconf 90' lang='lat' dir='ltr'><strong>clarus</strong></span> <span class='ocrx_word' id='word_1_220' title='bbox 857 3268 978 3334; x_wconf 88' lang='lat' dir='ltr'><strong>factus:</strong></span> <span class='ocrx_word' id='word_1_221' title='bbox 1003 3269 1080 3335; x_wconf 90' lang='lat' dir='ltr'><strong>huic</strong></span> <span class='ocrx_word' id='word_1_222' title='bbox 1102 3272 1250 3338; x_wconf 79' lang='lat' dir='ltr'><strong>severitas</strong></span> 
     </span>
     <span class='ocr_line' id='line_1_29' title="bbox 182 3376 1251 3471; baseline -0.001 -26"><span class='ocrx_word' id='word_1_223' title='bbox 182 3379 368 3471; x_wconf 88' lang='lat' dir='ltr'><strong>dignitatem</strong></span> <span class='ocrx_word' id='word_1_224' title='bbox 385 3377 554 3441; x_wconf 88' lang='lat' dir='ltr'><strong>addiderat.</strong></span> <span class='ocrx_word' id='word_1_225' title='bbox 573 3377 710 3457; x_wconf 88' lang='lat' dir='ltr'><strong>Caesar,</strong></span> <span class='ocrx_word' id='word_1_226' title='bbox 726 3376 849 3457; x_wconf 91' lang='lat' dir='ltr'><strong>dando,</strong></span> <span class='ocrx_word' id='word_1_227' title='bbox 866 3376 1070 3458; x_wconf 85' lang='lat' dir='ltr'><strong>sublevando,</strong></span> <span class='ocrx_word' id='word_1_228' title='bbox 1086 3379 1251 3466; x_wconf 84' lang='lat' dir='ltr'><strong>ignoscen-</strong></span> 
     </span>
     <span class='ocr_line' id='line_1_30' title="bbox 185 3469 1250 3573; baseline -0.002 -22"><span class='ocrx_word' id='word_1_229' title='bbox 185 3488 245 3564; x_wconf 80' lang='lat' dir='ltr'><strong>d03</strong></span> <span class='ocrx_word' id='word_1_230' title='bbox 271 3487 369 3565; x_wconf 87' lang='lat' dir='ltr'><strong>Cato,</strong></span> <span class='ocrx_word' id='word_1_231' title='bbox 391 3483 473 3548; x_wconf 92' lang='lat' dir='ltr'><strong>nihil</strong></span> <span class='ocrx_word' id='word_1_232' title='bbox 494 3477 657 3571; x_wconf 85' lang='lat' dir='ltr'><strong>largiendo</strong></span> <span class='ocrx_word' id='word_1_233' title='bbox 674 3469 688 3564; x_wconf 26' lang='lat' dir='ltr'><strong>,i</strong></span> <span class='ocrx_word' id='word_1_234' title='bbox 704 3484 837 3572; x_wconf 89' lang='lat' dir='ltr'><strong>gloriam</strong></span> <span class='ocrx_word' id='word_1_235' title='bbox 859 3483 991 3573; x_wconf 88' lang='lat' dir='ltr'><strong>adeptus</strong></span> <span class='ocrx_word' id='word_1_236' title='bbox 1013 3500 1067 3552; x_wconf 89' lang='lat' dir='ltr'><strong>est.</strong></span> <span class='ocrx_word' id='word_1_237' title='bbox 1091 3486 1130 3551; x_wconf 89' lang='lat' dir='ltr'><strong>In</strong></span> <span class='ocrx_word' id='word_1_238' title='bbox 1153 3487 1250 3550; x_wconf 89' lang='lat' dir='ltr'><strong>altero</strong></span> 
     </span>
     <span class='ocr_line' id='line_1_31' title="bbox 185 3590 1252 3682; baseline -0.004 -24"><span class='ocrx_word' id='word_1_239' title='bbox 185 3594 308 3658; x_wconf 89' lang='lat' dir='ltr'><strong>miseris</strong></span> <span class='ocrx_word' id='word_1_240' title='bbox 324 3590 506 3682; x_wconf 86' lang='lat' dir='ltr'><strong>perfugium</strong></span> <span class='ocrx_word' id='word_1_241' title='bbox 521 3606 601 3668; x_wconf 79' lang='lat' dir='ltr'><strong>erat3</strong></span> <span class='ocrx_word' id='word_1_242' title='bbox 617 3592 650 3653; x_wconf 89' lang='lat' dir='ltr'><strong>in</strong></span> <span class='ocrx_word' id='word_1_243' title='bbox 668 3591 765 3655; x_wconf 87' lang='lat' dir='ltr'><strong>altero</strong></span> <span class='ocrx_word' id='word_1_244' title='bbox 781 3591 871 3655; x_wconf 85' lang='lat' dir='ltr'><strong>malis</strong></span> <span class='ocrx_word' id='word_1_245' title='bbox 887 3592 1051 3680; x_wconf 87' lang='lat' dir='ltr'><strong>pernicies.</strong></span> <span class='ocrx_word' id='word_1_246' title='bbox 1068 3592 1160 3656; x_wconf 90' lang='lat' dir='ltr'><strong>Illius</strong></span> <span class='ocrx_word' id='word_1_247' title='bbox 1175 3592 1252 3656; x_wconf 90' lang='lat' dir='ltr'><strong>faci-</strong></span> 
     </span>
     <span class='ocr_line' id='line_1_32' title="bbox 184 3697 1251 3791; baseline -0.004 -27"><span class='ocrx_word' id='word_1_248' title='bbox 184 3701 272 3789; x_wconf 87' lang='lat' dir='ltr'><strong>litas,</strong></span> <span class='ocrx_word' id='word_1_249' title='bbox 288 3699 385 3784; x_wconf 89' lang='lat' dir='ltr'><strong>hujus</strong></span> <span class='ocrx_word' id='word_1_250' title='bbox 401 3699 579 3765; x_wconf 87' lang='lat' dir='ltr'><strong>constantia</strong></span> <span class='ocrx_word' id='word_1_251' title='bbox 594 3697 801 3789; x_wconf 69' lang='lat' dir='ltr'><strong>laudabatur,</strong></span> <span class='ocrx_word' id='word_1_252' title='bbox 816 3712 975 3791; x_wconf 90' lang='lat' dir='ltr'><strong>postremo</strong></span> <span class='ocrx_word' id='word_1_253' title='bbox 994 3699 1110 3763; x_wconf 85' lang='lat' dir='ltr'><strong>Cacsar</strong></span> <span class='ocrx_word' id='word_1_254' title='bbox 1129 3699 1162 3762; x_wconf 89' lang='lat' dir='ltr'><strong>in</strong></span> <span class='ocrx_word' id='word_1_255' title='bbox 1186 3698 1251 3762; x_wconf 91' lang='lat' dir='ltr'><strong>ani-</strong></span> 
     </span>
    </p>
   </div>
   <div class='ocr_carea' id='block_1_3' title="bbox 186 3861 1252 4112">
    <p class='ocr_par' dir='ltr' id='par_1_5' title="bbox 186 3861 1252 4112">
     <span class='ocr_line' id='line_1_33' title="bbox 191 3861 1252 3956; baseline 0.001 -23"><span class='ocrx_word' id='word_1_256' title='bbox 191 3870 194 3877; x_wconf 70' lang='grc'><strong>’</strong></span> <span class='ocrx_word' id='word_1_257' title='bbox 209 3862 226 3933; x_wconf 66' lang='lat' dir='ltr'><strong>1v</strong></span> <span class='ocrx_word' id='word_1_258' title='bbox 243 3877 369 3936; x_wconf 82' lang='lat' dir='ltr'><strong>Scilicet:</strong></span> <span class='ocrx_word' id='word_1_259' title='bbox 382 3881 464 3937; x_wconf 91' lang='lat' dir='ltr'><strong>sicuti</strong></span> <span class='ocrx_word' id='word_1_260' title='bbox 477 3880 701 3956; x_wconf 81' lang='lat' dir='ltr'><strong>elloetaparens,</strong></span> <span class='ocrx_word' id='word_1_261' title='bbox 739 3861 836 3938; x_wconf 85' lang='lat' dir='ltr'><strong>multis</strong></span> <span class='ocrx_word' id='word_1_262' title='bbox 856 3880 1070 3956; x_wconf 83' lang='lat' dir='ltr'><strong>tempestatibus</strong></span> <span class='ocrx_word' id='word_1_263' title='bbox 1089 3899 1173 3939; x_wconf 88' lang='lat' dir='ltr'><strong>nemo</strong></span> <span class='ocrx_word' id='word_1_264' title='bbox 1194 3879 1252 3952; x_wconf 48' lang='lat' dir='ltr'><strong>uir*¹</strong></span> 
     </span>
     <span class='ocr_line' id='line_1_34' title="bbox 186 3955 1035 4087; baseline 0.007 -79"><span class='ocrx_word' id='word_1_265' title='bbox 186 3975 261 4087; x_wconf 67' lang='lat' dir='ltr'><strong>puae</strong></span> <span class='ocrx_word' id='word_1_266' title='bbox 287 3955 380 4012; x_wconf 89' lang='lat' dir='ltr'><strong>nullos</strong></span> <span class='ocrx_word' id='word_1_267' title='bbox 408 3957 478 4012; x_wconf 90' lang='lat' dir='ltr'><strong>alios</strong></span> <span class='ocrx_word' id='word_1_268' title='bbox 506 3957 611 4012; x_wconf 85' lang='lat' dir='ltr'><strong>liberos</strong></span> <span class='ocrx_word' id='word_1_269' title='bbox 633 3977 701 4032; x_wconf 89' lang='lat' dir='ltr'><strong>pro·</strong></span> <span class='ocrx_word' id='word_1_270' title='bbox 740 3969 800 4016; x_wconf 87' lang='lat' dir='ltr'><strong>tute</strong></span> <span class='ocrx_word' id='word_1_271' title='bbox 812 3976 932 4033; x_wconf 85' lang='lat' dir='ltr'><strong>magnus</strong></span> <span class='ocrx_word' id='word_1_272' title='bbox 944 3956 1035 4014; x_wconf 82' lang='lat' dir='ltr'><strong>fucrit.</strong></span> 
     </span>
     <span class='ocr_line' id='line_1_35' title="bbox 199 4031 702 4112; baseline 0.01 -27"><span class='ocrx_word' id='word_1_273' title='bbox 199 4043 255 4099; x_wconf 78' lang='lat' dir='ltr'><strong>er13</strong></span> <span class='ocrx_word' id='word_1_274' title='bbox 268 4031 415 4107; x_wconf 76' lang='lat' dir='ltr'><strong>siclloma</strong></span> <span class='ocrx_word' id='word_1_275' title='bbox 432 4053 491 4092; x_wconf 83' lang='lat' dir='ltr'><strong>sese</strong></span> <span class='ocrx_word' id='word_1_276' title='bbox 507 4033 620 4112; x_wconf 71' lang='lat' dir='ltr'><strong>habuit,</strong></span> <span class='ocrx_word' id='word_1_277' title='bbox 636 4053 702 4091; x_wconf 81' lang='lat' dir='ltr'><strong>curn</strong></span> 
     </span>
    </p>
   </div>
   <div class='ocr_carea' id='block_1_4' title="bbox 0 0 1448 4748">
    <p class='ocr_par' dir='ltr' id='par_1_6' title="bbox 0 0 1448 4748">
     <span class='ocr_line' id='line_1_36' title="bbox 0 0 1448 4748; baseline 0 0"><span class='ocrx_word' id='word_1_278' title='bbox 0 0 1448 4748; x_wconf 95' lang='lat' dir='ltr'><strong> </strong></span> 
     </span>
    </p>
   </div>
  </div>
 </body>
</html>
