2888 4748
268 321 330 382 isso
557 310 593 378 C.
619 307 768 378 CRISPI
794 307 1037 383 SALLUSTII

263 465 354 529 modo
378 488 449 528 cum
474 466 512 528 iis
536 465 698 529 disserere.
724 465 783 530 Ille
806 465 912 531 atatim
928 469 965 531 L.
985 468 1108 532 Sullam
1132 482 1163 533 et
1179 467 1218 535 A.
1237 472 1343 539 Mans>

261 572 343 636 lium
366 572 412 635 ire
435 572 531 654 jubet
558 572 623 654 Qui
639 595 833 661 quamquam
857 575 975 638 acciti¹
1000 575 1108 653 ibant;
1131 591 1236 642 tamen
1260 582 1328 669 pla.-

260 679 330 743 cuit
352 679 448 745 verba
467 679 556 768 =apud
579 702 686 768 regem
708 678 832 757 facere3
855 680 904 744 uti
921 682 1086 769 ingenium
1101 698 1157 748 aut
1180 708 1329 750 aversum

170 784 172 789 ⁴
261 783 441 866 flecterent,
457 768 512 851 aut
528 787 681 876 cupidum
696 789 785 876 pacis
800 787 1018 854 vehementius
1034 790 1250 856 accenderent.
1262 793 1325 856 lta·

260 916 324 980 que
349 892 457 973 Sulla,
482 896 574 975 cujus
589 892 777 975 facundiae,
801 917 865 959 non
890 895 985 960 aetati
1007 919 1025 959 a
1048 895 1170 962 Manlio
1194 921 1325 964 conces-

260 1022 350 1079 sum,
373 1023 478 1089 pauca
500 1001 597 1067 rerba
620 1000 843 1085 hujuscemodi
867 1001 1003 1068 locutus.

253 1134 256 1139 ·
307 1107 397 1172 CIX.
422 1111 492 1171 Reor
509 1109 630 1173 Bocche
643 1159 652 1187 ,
667 1134 782 1194 magna
798 1109 889 1173 nobis
912 1110 1038 1174 laetitia
1059 1127 1128 1189 est,
1143 1135 1215 1174 cum
1231 1129 1260 1176 te
1277 1129 1324 1177 ta·

257 1215 322 1278 lem
338 1216 436 1277 virum
445 1217 501 1277 Dii
514 1239 677 1293 monuere,
693 1219 742 1280 uti
757 1216 933 1302 aliquando
947 1242 1074 1303 pacem,
1084 1243 1180 1302 quam
1191 1218 1325 1298 bellum,

258 1321 391 1399 malles3
413 1347 474 1386 neu
499 1339 529 1386 te
554 1339 716 1409 optumum
738 1348 811 1387 cum
833 1347 980 1409 pessumo
1004 1326 1144 1388 omniurn
1170 1327 1329 1411 iugurtha

258 1429 417 1492 miscendo
441 1432 710 1509 commaculares;
724 1431 822 1496 simul
838 1431 928 1495 nolis
944 1431 1086 1495 demeres
1107 1432 1255 1495 acerbam
1272 1457 1327 1496 ne-

257 1537 492 1615 cessitudinem,
506 1540 628 1622 pariter
642 1554 672 1602 te
690 1555 848 1602 errantem
868 1554 901 1602 ct
920 1538 1014 1601 illum
1035 1537 1325 1602 sceleratissumum

258 1648 418 1731 persequi.
435 1645 484 1708 Ad
498 1645 555 1707 laec
567 1695 576 1724 ,
589 1646 707 1732 populo
725 1649 864 1709 Romano
884 1649 954 1729 jam
970 1671 991 1708 a
1015 1648 1175 1731 principio
1197 1647 1284 1730 inopi
1296 1663 1329 1726 ¹,

255 1751 374 1816 melius
398 1754 496 1814 risum
519 1753 658 1832 amicos,
686 1777 783 1839 quam
806 1777 931 1832 servos,
959 1775 1135 1837 quaererc3
1163 1755 1325 1836 tutiusque

258 1860 323 1922 rati
332 1907 342 1938 ,
364 1859 561 1938 solentibus,
576 1883 672 1946 quom
689 1862 826 1939 coactis,
842 1860 1034 1945 imperitare.
1055 1858 1126 1923 Tibi
1141 1883 1210 1922 rero
1231 1859 1328 1920 nulla

258 1965 463 2052 obportunior
478 1969 621 2033 amicitia
636 1983 744 2031 nostra
755 1993 764 2030 .·
776 1970 915 2053 primum
931 1966 1017 2052 quod
1029 1966 1145 2053 procul
1159 1965 1326 2042 absumus;

258 2075 293 2136 in
317 2098 380 2159 quo
405 2075 545 2159 offensae
570 2076 735 2138 minimum
751 2079 783 2152 ⁸,
802 2077 910 2160 gratia
922 2099 1006 2160 par,
1021 2097 1059 2138 ac
1074 2076 1104 2137 si
1121 2097 1219 2160 prope
1236 2073 1327 2136 ades-

259 2204 363 2246 semus
378 2207 385 2245 :
399 2182 495 2260 dein,
518 2179 603 2268 quod
615 2195 765 2267 parentes
780 2181 932 2244 ⁴alrunde
949 2181 1100 2244 habemus
1108 2209 1118 2258 ,·
1134 2182 1307 2243 amicorum
1316 2229 1328 2257 ,

258 2313 364 2374 neque
387 2288 479 2355 nobis
489 2339 499 2366 ‚
519 2313 622 2374 neque
637 2290 787 2375 cuiquam
804 2290 944 2352 omnium
959 2291 1036 2350 satis
1050 2289 1130 2372 suit.
1148 2291 1249 2372 Atque
1266 2287 1330 2349 lroc'

261 2399 385 2460 utinam
416 2422 437 2459 a
461 2398 621 2483 principio
653 2395 713 2460 tilri
734 2395 928 2480 placuisset!
956 2397 1096 2480 prosecta
1127 2418 1170 2456 ea·
1201 2395 1323 2479 populo

260 2507 403 2569 Romano
426 2504 470 2566 ad
485 2503 542 2567 lroc
559 2519 682 2589 tempus
698 2502 798 2566 multo
813 2502 911 2587 plura
925 2502 1009 2566 laona
1024 2503 1211 2588 accepisses,
1227 2525 1325 2585 quom

259 2612 349 2677 mala
370 2634 538 2697 perpessus
555 2635 646 2674 esses.
664 2610 729 2673 Sed
744 2612 895 2695 quoniam
911 2610 1124 2674 humanarum
1141 2634 1246 2672 rerum
1257 2609 1330 2691 sor-

260 2733 341 2784 tana
363 2719 517 2804 pleraque
542 2720 643 2804 regit3
666 2719 720 2781 cui
733 2717 858 2782 scilicet
869 2717 1028 2802 placuisse
1045 2729 1055 2765 ⁵
1070 2732 1102 2780 et
1117 2718 1191 2794 rim,
1207 2731 1238 2779 et
1250 2739 1323 2800 gra·

262 2826 343 2901 tiam
366 2841 505 2889 nostram
529 2826 674 2915 experiri
686 2851 694 2887 :
718 2849 817 2904 nunc,
833 2824 960 2913 quando
981 2849 1040 2910 per
1061 2824 1151 2903 illam
1176 2824 1263 2899 licet,
1272 2822 1327 2904 sc·

234 2985 238 2994 .
262 2934 366 3010 stina‚·
389 2948 505 3017 atque,
529 2935 577 2995 uti
601 2933 751 3018 coepisti,
771 2957 875 3018 perge.
900 2931 1006 2996 Multa
1031 2948 1125 3018 atque
1150 2929 1329 3015 alpertuna

264 3039 362 3104 lrabes
374 3089 384 3118 ,
398 3064 460 3125 quo
473 3041 613 3124 facilius
628 3055 736 3102 errata
760 3041 872 3122 officiis
887 3062 1025 3124 superes.
1043 3043 1202 3100 Postremo
1221 3037 1278 3100 lroc
1294 3037 1329 3097 in

263 3163 373 3232 pectus
398 3163 486 3213 tuum
511 3148 653 3224 dimitte,
676 3167 849 3230 numquam
871 3144 1027 3230 populum
1043 3147 1218 3206 Romanurn
1234 3142 1326 3205 liene·

258 3253 345 3340 ficiis
369 3257 481 3320 rictum
506 3279 581 3317 esse.
607 3258 707 3331 Nam,
730 3253 813 3316 lrcllo
838 3251 916 3336 quid
939 3251 1071 3330 soleat,
1087 3267 1152 3314 tute
1178 3251 1251 3312 scis.

315 3359 386 3428 CX.
413 3360 466 3426 Ad
489 3385 527 3426 ea
550 3359 697 3427 Bocchus
720 3359 847 3451 placide
870 3373 901 3426 et
927 3358 1082 3450 henigne3
1110 3357 1206 3422 simul
1228 3375 1331 3444 pauca

287 3583 301 3618 a
324 3561 361 3618 Et
380 3562 448 3638 quia
459 3562 543 3618 acciti
553 3581 613 3618 non
625 3580 725 3618 corum
736 3579 780 3619 es·
819 3559 861 3616 uti
882 3559 905 3615 si
925 3557 1094 3616 adessemus.

267 3651 310 3696 set
328 3639 410 3714 prius
429 3639 518 3714 loqui.
837 3635 857 3705 4
877 3636 935 3704 Qui
954 3626 1203 3758 pareantimperio
1223 3635 1329 3683 nostra.

285 3733 304 3769 a
325 3716 400 3770 Cum
419 3715 503 3790 inops
522 3714 607 3771 ctiam
625 3725 706 3772 esset.
840 3711 857 3768 5
878 3713 998 3767 Scilicet
1018 3707 1123 3792 cumirr
1145 3703 1332 3787 nrtojungcre

252 3804 257 3816 ·
285 3788 304 3845 3
326 3790 412 3861 Quod
431 3790 535 3866 procul
555 3791 709 3855 absumta,
729 3789 782 3844 mi-
820 3801 929 3846 veteres
949 3784 1094 3843 solebant:
1107 3779 1184 3835 1dem
1200 3796 1233 3867 ac
1253 3795 1275 3832 ει
1288 3776 1331 3830 dr-

265 3866 363 3922 uimus
381 3879 426 3924 est
445 3866 526 3923 locus
545 3867 710 3924 inferendae
730 3864 782 3921 tihi
820 3865 921 3921 xisset:
941 3866 1019 3919 scire
1031 3860 1100 3914 licet
1113 3856 1261 3930 placuisse
1278 3872 1331 3906 ex-

269 3942 409 4011 offensae3
429 3942 550 4019 gratiam
570 3957 666 3999 autem
685 3954 713 4003 et
732 3940 783 3997 be·
818 3940 993 4016 perimentis
1012 3944 1041 3989 te
1062 3936 1118 3989 rim
1146 3941 1175 3987 et
1199 3932 1332 4009 gratiam

268 4019 371 4076 aelicta
391 4020 431 4078 sic
455 4019 585 4078 conferre
612 4035 785 4098 possumus,
822 4024 955 4072 nostram
975 4028 1162 4088 cognoscere.
