2888 4748
238 354 304 400 uo
531 326 571 391 G.
597 325 747 392 CRISPI
772 322 1016 392 salutern

278 482 317 548 L.
342 479 468 547 Interea
480 480 502 544 Ι1
504 477 661 568 ugurtha,
675 479 748 559 ubi,
763 502 845 567 qnae
860 477 1011 543 Metellus
1027 472 1151 566 agebat,
1164 494 1203 539 ex
1220 493 1304 539 nun·

230 590 292 656 ciis
312 591 455 679 accepit,
469 587 566 653 simul
580 586 619 652 de
631 587 815 652 innocentia
831 589 901 669 ejus
917 585 1034 651 certior
1049 585 1171 648 llomae
1185 580 1304 662 faetus,

229 695 377 763 diffidere
400 696 468 763 suis
488 695 603 776 rebus,
625 717 662 758 ac
684 708 753 759 tum
775 694 904 759 demum
921 715 1029 761 reram
1045 691 1241 757 deditionem
1255 687 1303 752 fa·

229 826 303 870 cere
323 818 458 870 conatus
478 816 533 867 est
549 801 654 890 Igitur
679 801 799 891 legatos
827 802 869 866 ad
898 802 1062 867 consulem
1084 821 1159 865 cum
1181 793 1304 886 suppli·

229 911 291 978 ciis
314 912 430 990 mittit,
456 909 513 998 qui
541 910 761 975 tantummodo
792 910 854 1000 ipsi
883 911 1057 999 liberisque
1088 910 1187 977 vitam
1216 923 1303 998 pete·

228 1032 320 1098 rent,
344 1017 407 1081 alia
431 1017 539 1081 omnia
561 1015 712 1083 dederent
737 1018 860 1108 populo
889 1018 1044 1082 Romano.
1075 1017 1140 1081 Sed
1170 1016 1301 1082 Metello

230 1127 296 1209 jam
318 1139 411 1191 antea
433 1124 656 1214 experimentis
678 1127 842 1214 cognitum
863 1140 949 1205 erat,
970 1148 1070 1215 genus
1089 1124 1300 1191 Numidarum

230 1230 386 1314 infidum,
398 1232 528 1322 ingenio
543 1231 673 1312 mobili,
688 1255 844 1299 novarum
864 1255 972 1298 rerum
994 1233 1123 1298 avidum
1142 1256 1219 1297 esse
1236 1233 1301 1297 lta·

231 1362 295 1429 que
309 1340 430 1435 legatos
445 1340 544 1405 alium
560 1337 681 1404 abalio
702 1338 843 1406 diversos
859 1339 1061 1429 adgreditur,
1082 1363 1119 1405 ae
1134 1339 1301 1429 paullatim

231 1445 401 1528 tentando,
422 1462 592 1539 postquam
613 1446 810 1536 obportunos
827 1447 889 1512 sibi
904 1447 1071 1536 cognorit,
1086 1447 1186 1511 multa
1205 1447 1301 1536 polli-

230 1554 332 1619 cendo
352 1555 531 1643 persuadet,
540 1557 589 1617 uti
602 1554 790 1640 Jugurtbom
805 1579 955 1618 maxume
971 1558 1089 1635 vivum,
1111 1558 1162 1619 sin
1186 1556 1222 1617 id
1240 1580 1300 1640 po·

232 1686 302 1724 rum
316 1663 482 1748 procedat,
497 1677 644 1726 necatum
658 1661 721 1725 sibi
735 1664 897 1725 traderent
912 1688 920 1723 ε
937 1674 1077 1730 1111111111
1091 1663 1208 1752 palam
1219 1659 1302 1751 quae

232 1790 272 1831 ex
285 1768 449 1835 voluntate
464 1769 585 1849 forent,
604 1769 671 1858 regi
687 1768 834 1834 nunciati
847 1768 945 1852 jubet
962 1769 1089 1834 Deinde
1103 1770 1172 1860 ipse
1186 1769 1300 1858 paucis

231 1873 364 1955 diebus,
385 1874 507 1940 intento
538 1889 634 1964 atque
656 1875 771 1942 infesto
795 1876 934 1940 exercitu
957 1876 991 1939 in
1016 1875 1200 1940 Numidiam
1224 1897 1299 1965 pro·

236 1980 345 2046 cedit:
370 1982 443 2062 ubi,
466 1995 576 2046 contra
599 1982 675 2046 belli
698 1981 829 2064 faeiem,
853 1984 980 2072 tuguria
1003 1984 1098 2074 plena
1120 1982 1298 2063 hominum,

232 2111 348 2176 pecora
379 2089 579 2178 cultoresque
608 2089 643 2152 iu
674 2091 759 2178 agris
787 2105 903 2156 eraut:
928 2115 964 2156 ex
987 2090 1114 2181 oppidis
1138 2104 1170 2155 et
1192 2111 1300 2178 mapa·

233 2193 343 2260 libus¹
373 2194 526 2286 praefecti
555 2197 639 2283 regis
670 2196 755 2262 obvii
779 2197 1012 2287 procedebant,
1034 2197 1137 2287 parati
1160 2196 1299 2262 frumen-

233 2315 303 2366 tum
333 2300 434 2383 dare,
462 2317 672 2368 commeatum
700 2317 853 2392 portare,
874 2317 1034 2392 postremo
1062 2303 1192 2382 omnia,
1215 2323 1298 2390 quae

144 2436 146 2441 ¹
234 2406 484 2497 imperarentur,
506 2409 618 2475 facere.
643 2411 754 2498 Neque
778 2410 927 2476 Metellus
950 2410 1069 2476 ideireo
1092 2410 1218 2488 minus,
1241 2405 1297 2473 sed

232 2514 405 2602 pariterue
421 2516 448 2582 si
463 2515 568 2582 hostes
584 2516 744 2597 adessent,
768 2518 891 2582 munito
907 2518 1033 2608 agmine
1055 2515 1221 2596 incedere,
1234 2515 1298 2579 late

232 2620 396 2707 explorare
420 2622 545 2702 omnia,
568 2623 623 2687 illa
646 2623 815 2688 deditionis
838 2625 928 2713 signa
944 2624 1082 2691 ostentui
1098 2622 1243 2703 credere,
1267 2634 1298 2687 et

232 2723 358 2792 insidiis
380 2728 488 2794 locum
512 2744 640 2797 tentare.
658 2731 770 2821 ltaque
792 2731 861 2820 ipse
884 2754 958 2797 eum
981 2730 1134 2820 expeditis
1159 2727 1295 2794 cohorti-

232 2829 311 2912 bus,
334 2833 410 2898 item
431 2835 628 2903 funditorum
648 2853 679 2903 et
694 2838 927 2928 sagittariorum
947 2838 1068 2905 delecta
1090 2857 1186 2902 manu
1210 2831 1297 2922 apud

232 2937 354 3028 primos
377 2956 463 3020 crat,
493 2943 526 3007 in
550 2959 709 3033 postremo
735 2947 770 3010 G.
796 2946 918 3012 Marius
941 2947 1063 3037 legatus
1086 2964 1159 3007 curn
1182 2939 1296 3028 equiti·
1359 2972 1374 2988 κ·

232 3046 293 3114 bus
316 3048 447 3116 curabat
466 3048 522 3113 :in
537 3065 708 3142 utrumque
724 3053 806 3119 latus
822 3053 1005 3121 auxiliarios
1021 3049 1142 3138 equites
1149 3034 1295 3112 'tribunis

232 3154 396 3244 legionum
409 3171 443 3223 et
456 3158 622 3246 praefectis
638 3161 817 3226 cohortium
833 3158 1076 3249 dispertiverat,
1099 3168 1137 3220 ut
1156 3151 1295 3219 1111111111

233 3263 380 3349 permixti
405 3265 512 3331 velites
536 3281 566 3346 ·,
588 3290 789 3357 quocumque
813 3266 1015 3346 accederent,
1038 3264 1199 3353 aptitatus
1222 3259 1295 3324 hos-

232 3368 314 3437 1111111
336 3372 568 3460 propulsarent.
600 3375 680 3438 Nam
703 3376 736 3438 in
760 3375 921 3462 Jugurtha
944 3387 1051 3438 tantus
1079 3371 1171 3435 dolus
1196 3382 1297 3432 tantan¹

233 3499 297 3567 que
319 3477 433 3567 peritia
456 3477 600 3545 locorum
623 3496 654 3546 11
676 3482 808 3544 militiae
831 3495 915 3561 crat,
938 3494 985 3560 ut,
1008 3479 1122 3543 absens
1144 3498 1183 3540 an
1206 3495 1295 3562 praen

233 3607 324 3665 sens,
347 3609 459 3675 pacem
474 3609 514 3650 111
530 3587 650 3655 bellum
664 3587 999 3679 gerenspernieio‘sior
1014 3598 1109 3664 esset,
1125 3582 1158 3644 111
1174 3580 1294 3644 incerto

233 3692 411 3764 haberetur.

255 3941 265 3975 1
277 3919 355 3978 Vicis
363 3935 391 3979 et
399 3924 487 4000 pagis:
498 3922 630 3998 mapalia
641 3943 744 3981 vocan-
803 3941 819 3982 1
836 3922 919 3982 Levis
934 3929 1095 3978 armaturae
1106 3912 1216 3973 milites.

233 4000 743 4076 1110101111101111101111111110111111.
