2888 4748
443 323 632 403 BE‘LLUM
660 310 1001 395 JUGIJR'IIIINUM
1221 329 1260 418 75

184 492 256 541 rum
275 487 284 513 ¹
304 497 344 540 ex
359 474 493 543 audacia
509 475 858 572 temeritatem-adferre
876 477 1067 567 plerumque
1092 476 1181 553 solet,
1196 479 1261 568 Igi-
1284 470 1286 474 ¹

184 601 237 650 tur
259 583 432 673 imperator
455 584 560 648 omnis
576 582 642 648 fere
658 605 708 648 res
724 607 853 673 asperas
867 607 926 674 per
942 583 1138 673 Iugurtham
1153 606 1261 675 agere,

184 691 218 756 ia
242 690 353 756 amicis
376 689 494 756 habere
508 741 521 772 „
544 690 645 780 magis
668 691 833 780 magisque
857 691 988 756 eumin
1012 691 1080 757 dies
1097 694 1260 784 amplecti3

183 799 305 888 quippe
324 801 418 882 eujus
436 821 540 888 neque
555 797 746 879 consilium,
758 822 863 887 neque
878 799 1042 888 inceptum
1056 800 1161 865 ullum
1175 801 1260 866 frus-

181 920 232 970 tra
257 920 333 971 erat
368 906 442 970 Huc
473 906 646 980 adcedebat
675 904 896 971 munificentia
923 906 1049 988 animi,
1075 921 1107 973 et
1138 907 1260 995 ingenii

183 1012 345 1092 sollertia,
374 1012 491 1100 quibus
522 1015 619 1089 rebus
643 1013 705 1078 sibi
729 1014 848 1080 multas
872 1039 908 1080 ex
931 1013 1085 1080 Romanis
1107 1013 1259 1081 familiari

184 1121 325 1185 amicitia
348 1122 566 1203 conjunxerat.
1080 1197 1081 1201 Ἰ

227 1227 322 1295 VIII.
348 1226 396 1293 Ea
415 1242 601 1316 tempestate
619 1228 653 1292 in
671 1228 810 1294 exercitu
826 1243 935 1294 nostro
950 1228 1040 1294 fuere
1057 1229 1258 1318 complures,

184 1337 261 1401 novi
284 1350 380 1425 atque
400 1335 543 1414 nobiles,
568 1336 686 1425 quibus
710 1337 839 1401 divitiae
865 1337 950 1402 bono
974 1336 1171 1426 honestoque
1201 1361 1259 1428 po·

182 1445 280 1509 tiores
296 1457 404 1524 erant,
420 1443 564 1524 factiosi,
586 1443 673 1507 domi
687 1458 853 1534 potentes,
877 1443 964 1535 apud
979 1444 1082 1510 socios
1099 1444 1176 1509 clari
1192 1451 1259 1508 ina-

183 1551 252 1641 gis,
277 1574 373 1641 quam
388 1551 534 1629 honesti;
557 1551 614 1640 qui
629 1551 810 1640 Iugurthae
826 1574 891 1616 nan
907 1551 1099 1617 mediocrem
1115 1551 1258 1616 animum

184 1659 392 1752 pollicitando
414 1659 647 1740 accendebant,
669 1662 699 1723 si
721 1663 859 1745 Micipsa
878 1659 938 1724 rex
961 1659 1146 1738 occidisset,
1159 1660 1258 1744 sore,

184 1769 232 1842 uti
254 1768 340 1832 solus
366 1769 498 1853 imperio
522 1768 692 1832 Numidiae
714 1771 871 1854 patiretur
893 1794 900 1829 .·
923 1770 957 1830 in
981 1772 1049 1855 ipso
1072 1791 1258 1834 maxsumum

183 1878 341 1953 virtutenu
351 1879 467 1939 Romae
485 1878 592 1938 amnia
608 1874 735 1939 venalia
750 1899 827 1938 erse.
845 1874 909 1939 Sed
924 1891 1104 1965 postquam,
1116 1877 1258 1941 Numan·

185 1984 230 2046 tia
244 1982 348 2046 deleta
362 1983 385 2061 ⁸,
394 1981 437 2044 -Ρ,
453 1981 563 2072 Scipio
576 1982 736 2048 dimittere
749 1982 879 2065 auxilia,
887 1998 918 2049 et
928 1984 996 2074 ipsc
1004 1982 1119 2049 reverti
1128 1983 1259 2050 domurn

184 2088 344 2162 decrevit:
361 2087 514 2153 donatum
538 2102 633 2176 atque
654 2089 820 2155 laudatum
839 2089 1008 2180 magnifice
1022 2115 1082 2182 pro
1098 2091 1258 2156 ,concione

184 2194 381 2284 Jugurtbam
395 2194 428 2259 in
444 2197 642 2285 praetorium
657 2192 669 2230 ³
683 2198 831 2265 adduxit:
852 2199 961 2289 ibique
977 2212 1097 2265 secreta
1114 2198 1259 2279 monuit,

157 2305 233 2369 -uti
260 2305 367 2390 patius
395 2303 546 2390 publice,
578 2329 674 2392 quam
695 2309 853 2393 ¹prr'ratim
876 2305 909 2386 ⁴,
938 2309 1114 2370 amicitiam
1144 2306 1262 2392 populi·

186 2412 321 2475 Romani
343 2412 484 2490 coleret3
507 2437 569 2476 neu
602 2413 717 2498 quibus
749 2415 862 2499 largiri
891 2416 1112 2478 insuesceret:
1132 2415 1258 2499 pericu·

185 2518 250 2597 lose
274 2543 295 2581 a
317 2520 429 2604 paucis
453 2521 535 2598 emi,
559 2519 645 2605 quod
667 2520 839 2584 multarum
863 2536 945 2585 esset
967 2518 997 2584 ⁵:
1020 2523 1049 2584 si
1069 2544 1257 2606 permanere

186 2623 281 2702 uellet
304 2626 338 2688 in
362 2626 429 2689 suis
444 2626 587 2704 artibuS,
603 2627 686 2690 ultra
710 2628 763 2692 itti
784 2645 817 2693 et
835 2629 970 2714 gloriam
994 2644 1026 2693 et
1041 2653 1171 2714 regnum
1188 2652 1265 2692 vem·

186 2746 319 2797 turum:
342 2734 392 2796 sin
414 2737 638 2820 properantius
660 2753 823 2823 pergeret,
846 2752 970 2802 suamet
992 2739 1096 2824 ipsum
1117 2739 1258 2824 pecunia

182 2842 394 2927 praecipitem
417 2865 575 2906 casurum.

232 2946 293 3013 lx„
320 2946 376 3014 Sic
391 2948 539 3030 locutus,
556 2972 630 3016 cum
644 2949 758 3017 litteris
774 2974 863 3033 eum,
880 2976 959 3042 quas
976 2950 1133 3042 Micipsae
1148 2951 1258 3017 redde-

185 3069 252 3134 rct,
267 3054 409 3135 dimisit3
433 3080 544 3122 earum
561 3059 717 3125 sententia
733 3059 811 3126 haec
827 3074 901 3125 erat.
918 3061 1093 3145 Jugurtbae
1110 3063 1158 3124 tui
1173 3060 1256 3124 bello
1305 3060 1311 3068 ’

187 3167 382 3228 llumantino
401 3166 491 3250 longe
509 3191 662 3230 maxuma
679 3170 774 3231 virtus
785 3171 876 3251 suit:
899 3193 995 3255 quam
1010 3194 1075 3233 rem
1093 3169 1256 3233 certeseia

188 3269 247 3332 tibi
260 3270 378 3354 gaudio
394 3294 460 3336 esse
469 3301 479 3351 3
495 3274 585 3337 nobis
602 3274 639 3337 ob
657 3278 770 3340 merita
785 3301 843 3339 sua
859 3301 951 3340 carus
968 3293 1035 3342 est:
1050 3294 1085 3345 ut
1105 3276 1188 3342 idem
1210 3303 1258 3341 sc·

209 3524 220 3560 1
245 3505 405 3562 Strenuitas
423 3506 504 3565 facile
516 3509 703 3568 temeritatem
759 3512 778 3584 4
797 3514 929 3584 Publice,
941 3515 1012 3573 idest
1024 3516 1123 3573 officiis
1133 3515 1258 3592 publicis

188 3582 273 3657 parit.
683 3615 685 3618 ·
742 3610 808 3646 cum
826 3591 986 3668 Republica
1004 3606 1033 3649 et
1051 3595 1127 3648 omni
1147 3591 1258 3667 populo

202 3677 221 3713 a
242 3658 286 3714 De
298 3656 454 3717 Numantia
471 3661 537 3720 vide
556 3676 654 3720 notam
679 3683 701 3723 1.
741 3666 880 3724 Romano:
889 3673 1041 3744 privatim,
1052 3667 1222 3724 muneribus
1231 3680 1266 3724 et·

186 3736 291 3809 pagina
304 3734 347 3813 74.
743 3743 888 3819 obsequiis
900 3746 928 3800 in
940 3746 1077 3834 privatos.

204 3807 477 3869 3-Praetariumerat
485 3813 704 3872 tabernaculum
761 3817 778 3875 5
790 3819 996 3897 Idest,gratram
1005 3819 1175 3888 etlronores,
1186 3839 1259 3895 quac

186 3882 704 3965 irnperatoriS‚siadictumquodolim
741 3916 794 3971 per
811 3898 945 3954 virtutem
964 3918 980 3950 a
999 3894 1111 3972 populo
1128 3897 1259 3952 Romano

189 3980 287 4022 omnes
297 3962 495 4040 imperatores,
503 3981 651 4045 praetores
663 3967 707 4026 di·
745 3985 828 4029 erant
840 3970 1001 4030 obtinenda.

123 4062 133 4073 ν
188 4049 329 4095 curentur.
