2888 4748
1202 356 1272 430 XV

194 453 313 541 idstii
325 480 440 568 opera
461 467 621 568 propter
639 454 853 543 voluminis
871 465 1266 567 parvitutcm'intacta
1286 533 1288 537 .

103 688 113 712 .
191 613 356 717 posteris
383 609 520 688 relicta
550 611 718 702 fuerint,
741 627 781 688 et
813 613 962 714 integra
993 615 1076 715 ejus
1103 609 1265 695 historia
1355 648 1358 653 ·

189 760 356 863 majoris
369 753 563 835 momenti
583 756 814 862 disperient.

205 960 212 972 ·
243 908 377 1008 Quum
398 914 532 983 autem
554 904 763 984 Sallustius
783 909 826 981 in
846 898 928 986 suis
947 910 1265 1015 scriptis-‘parum
1384 976 1391 983 .

134 1117 150 1155 3
189 1057 352 1137 usitatas
381 1046 624 1142 elocutiones
653 1069 841 1159 usurpet,
863 1055 1049 1161 frequens
1079 1085 1265 1161 gramma·

195 1201 283 1282 ticis
316 1210 356 1281 et
389 1200 671 1308 interpretibus
691 1203 838 1280 Latinis
860 1206 1013 1284 occasio
1044 1233 1086 1282 se
1121 1207 1267 1291 obtulit

189 1342 373 1431 historiae
393 1349 514 1454 hujus
533 1348 652 1430 uerba
674 1365 715 1428 et
735 1349 926 1428 dictiones
946 1344 1152 1457 allegandi.
1175 1355 1264 1436 Alia

189 1501 305 1610 plura
336 1499 513 1585 Sallustii
545 1499 724 1606 exempla
754 1501 796 1576 in
829 1501 1023 1594 Senecae,
1056 1501 1263 1603 Quintilia-

190 1657 270 1746 ni,¹
284 1649 367 1733 divi
393 1650 603 1755 Augustini
630 1647 876 1756 aliorumque
898 1651 1080 1755 operibus
1101 1654 1264 1737 iuventa

191 1815 294 1881 sunt.

167 2006 170 2011 -
239 1948 480 2054 Pomponius
493 1946 610 2026 Letus
625 1970 729 2027 unus
750 1973 798 2026 ex
811 1949 1030 2055 insignibus
1040 1951 1261 2034 litterarum

124 2177 128 2184 ,
167 2096 525 2188 -instauratorihus,
540 2098 812 2176 florentissima
827 2099 968 2180 Leonis
990 2097 1134 2182 decimi
1159 2107 1261 2180 aeta·

177 2262 251 2349 te,
282 2245 458 2333 codicem
480 2249 521 2323 in
541 2247 728 2326 Vaticano
752 2246 923 2341 deterit,
945 2253 987 2326 in
1008 2275 1087 2355 quo
1107 2236 1257 2326 multae

186 2393 395 2476 conciones
417 2425 465 2508 ex
484 2395 679 2472 historicis
693 2399 842 2474 Latinis·
855 2395 1071 2500 decerptae.
1083 2398 1258 2479 contine·

185 2543 355 2632 buntur,
383 2562 552 2645 quarum
580 2566 648 2617 sex
674 2541 725 2618 ad
744 2536 924 2618 amissam
944 2519 1257 2625 nostriaucrorn

185 2688 388 2768 historiam
401 2688 661 2793 pertinebant.
675 2688 905 2793 Fragmenta
923 2688 1020 2768 haec
1033 2693 1165 2768 omnia
1177 2688 1255 2798 pri-

123 2903 126 2907 .
185 2866 297 2948 mum
317 2867 340 2915 a
359 2837 596 2930 fficcobono,
611 2836 755 2917 deinde
773 2865 795 2914 a
817 2838 1000 2917 Carrione
1012 2842 1061 2927 in,
1074 2834 1253 2917 ordinem

185 2986 331 3094 digesta
348 3004 452 3067 sunt
465 2989 519 3066 At
530 3016 623 3096 prae
636 2992 815 3083 coeteris,
833 2992 904 3097 qui
915 2987 1010 3067 huic
1022 2979 1081 3074 rei
1093 3009 1252 3093 operam

183 3136 401 3229 dederunt,
432 3136 552 3221 laude
572 3139 713 3244 dignus
733 3139 967 3222 fuitoomes
994 3123 1043 3223 de
1073 3139 1250 3230 Brosses,

182 3279 333 3391 primus
352 3284 601 3378 Divionensis
631 3301 788 3364 senatus
817 3304 971 3391 praeses
984 3283 1249 3390 ‚Jphilologus

183 3433 321 3523 doctus
335 3451 376 3513 et
387 3434 671 3515 solertissimus.
683 3433 864 3538 Singulos
875 3436 956 3539 ipse
966 3437 1115 3540 veteres
1126 3451 1247 3538 gram·

181 3585 344 3675 maticos
364 3599 404 3661 et
424 3583 660 3672 scholiastes·
669 3585 951 3689 patientissime
971 3582 1106 3686 legens¹
1125 3596 1165 3665 et
1174 3603 1254 3657 ex«

182 3730 706 3837 pendens,multomajorem
718 3727 1023 3836 fragmentorum
1037 3748 1247 3811 numerum

182 3877 354 3984 collegit,
368 3883 535 3984 etjuxta
548 3892 771 3985 temporum
785 3896 826 3967 et
839 3895 1057 3963 eventuum
1071 3875 1248 3963 ordinem
1352 3898 1353 3901 ’

180 4025 393 4137 disposuit,
418 4055 659 4143 :eorumque¹
675 4053 748 4130 ope
778 4019 1031 4128 Reipublicae
1052 4028 1250 4133 Romanae
