2888 4748
505 330 569 398 AD
597 332 633 397 G.
660 320 907 399 CAESAREM
1189 334 1250 400 281

188 483 260 549 uine
275 480 410 548 demite:
426 503 531 572 neque
553 481 593 547 dc
617 480 739 574 capite,
762 503 866 570 neque
887 480 927 545 de
947 479 1069 545 honore
1092 503 1134 544 ex
1152 484 1254 571 copiis

189 592 359 682 quisquam
381 590 490 680 magis·
503 604 559 655 aut
579 589 686 654 minus
707 588 915 673 judicaverim
937 588 964 653 si
983 611 1086 677 neque
1107 603 1253 678 praetor,

185 721 294 788 neque
319 698 432 763 consul
458 720 495 764 ex
521 694 706 786 opulentia,
730 698 844 763 verum
869 718 907 760 ex
937 693 1090 784 dignitate
1119 711 1251 761 creetur.

186 804 252 871 Sed
266 805 305 870 de
321 804 507 895 magistratu
522 802 615 868 facile
629 803 743 893 populi
758 803 916 886 judicium
930 800 977 867 fit.
990 795 1123 867 ludices
1139 827 1157 867 a
1172 826 1250 891 pau·

184 911 232 978 dis
246 912 531 1003 probari,regnum
546 925 612 990 est3
628 934 665 975 ex
679 911 817 1000 pecunia
831 909 905 999 legi,
921 909 1132 978 inhonestum.
1143 911 1251 994 Quare

186 1040 296 1086 omnes
311 1019 434 1109 primae
450 1017 560 1083 classis
582 1017 866 1107 judicare-placem
889 1017 947 1082 sed
967 1039 1099 1082 numero
1122 1008 1251 1107 plures,

185 1148 283 1216 quam
297 1125 449 1209 judicant.
473 1125 584 1214 Neque
605 1124 766 1206 Rhodios,
788 1147 892 1215 neque
914 1125 993 1189 alias
1016 1125 1160 1190 civitates
1180 1147 1249 1188 um-

185 1255 287 1323 quam
304 1254 435 1320 suorum
451 1233 648 1317 judiciorum
660 1233 833 1324 poenituit,
847 1231 905 1296 ubi
923 1231 1104 1321 promiscue
1117 1230 1204 1298 dives
1219 1245 1251 1295 et

186 1360 328 1430 pauper,
344 1354 381 1405 ut
395 1341 518 1433 cuique
528 1363 596 1406 sors
612 1339 703 1421 tulit,
718 1341 758 1404 de
772 1337 928 1404 maxumis
942 1338 1036 1403 rebus
1052 1341 1139 1420 juxta
1151 1328 1199 1403 'ae
1210 1337 1252 1403 de

185 1447 338 1512 minuaris
361 1447 523 1538 disceptat.
546 1443 611 1513 Sed
625 1447 665 1512 de
679 1447 913 1537 magistratibus
931 1444 1075 1510 creandis
1089 1444 1177 1509 lrau'd
1187 1445 1249 1509 ‘mi-

187 1551 221 1616 bi
237 1554 516 1642 quidemabsurde
531 1555 636 1644 placet
650 1556 718 1634 lex,
739 1576 835 1643 quam
858 1553 894 1617 G.
912 1551 1078 1616 Gracchus
1100 1550 1135 1615 in
1149 1550 1250 1618 tribu·

185 1674 264 1725 natu
278 1663 545 1751 promulgaverat3
560 1676 597 1727 ut
611 1682 649 1727 en
664 1662 804 1728 confusis
818 1659 960 1750 quinque
976 1642 1147 1726 classibus¹
1164 1672 1249 1726 sorte

185 1767 348 1832 centuriae
362 1783 560 1833 vocarentur.
578 1768 627 1832 lta
641 1760 809 1857 coaequati
823 1767 993 1854 dignitate,
1008 1765 1165 1854 pecunia,
1183 1765 1247 1832 vir-

185 1886 254 1937 tute
269 1874 389 1937 anteire
405 1874 486 1937 alius
503 1873 601 1937 alium
615 1874 807 1962 properabit.
832 1873 920 1937 Haec
942 1893 1000 1960 ego
1021 1887 1135 1959 magna
1149 1870 1249 1938 reine-
1335 1887 1346 1898 ·

184 1973 238 2063 dia
253 1995 363 2046 contra
378 1979 504 2046 divitias
521 1993 633 2044 statuo.
656 1979 738 2044 Nam
760 1978 894 2070 perinde
914 1995 1022 2045 omnes
1045 2001 1095 2043 res
1117 1978 1251 2047 laudan-f

184 2099 238 2149 tur
259 2099 354 2173 atque
376 2071 587 2175 adpetuntur,
612 2101 649 2152 ut
672 2110 781 2179 earum
804 2106 912 2152 rerum
934 2071 1012 2150 usus
1036 2099 1103 2150 est:
1125 2085 1248 2150 malitia

133 2198 145 2223 ‘¹
185 2192 334 2280 praemiis
350 2207 519 2258 exercetur.
530 2192 596 2259 Ubi
612 2216 648 2260 ea
663 2189 826 2276 demseris,
841 2213 935 2258 nemo
950 2192 1094 2274 omnium
1108 2179 1247 2282 gratuito

185 2298 292 2364 malus
306 2313 362 2364 est.
600 2303 602 2306 ’
914 2293 922 2316 ”

230 2407 274 2472 Χ.
301 2406 450 2472 Ceterum
465 2407 614 2487 avaritia,
636 2407 743 2473 bellua
765 2407 850 2489 sera,
870 2406 1026 2486 inmunis,
1049 2403 1248 2490 intoleranda

186 2526 253 2577 est:
270 2537 333 2602 (suo
349 2513 500 2595 intendit,
517 2514 652 2605 oppidu,
666 2506 770 2603 agros,
784 2514 859 2580 fana
882 2528 977 2603 etque
998 2513 1108 2577 domos
1128 2525 1248 2578 vastat:

185 2619 294 2685 divina
323 2643 397 2688 cum
419 2620 568 2698 humanis
589 2604 782 2711 permiscet:
812 2644 919 2711 neque
939 2621 1112 2697 exercitus,
1142 2638 1247 2706 neque

184 2727 311 2791 moenia
326 2727 541 2819 obstant,·.quo
556 2729 664 2794 minus
678 2729 711 2796 vi
727 2730 953 2819 sua'penetret:
969 2726 1064 2817 fama,
1079 2724 1247 2815 pudicitia,
1335 2810 1339 2816 .

184 2833 310 2915 liberis,
335 2834 438 2924 patria
467 2849 563 2926 atque
583 2837 768 2926 parentibus
792 2849 925 2901 cunctos
947 2834 1096 2900 mortales
1120 2831 1245 2923 spoliat.

183 2926 319 3022 Verum,
328 2943 358 3007 si
370 2943 526 3032 pecuniae
541 2937 639 3009 decus
653 2944 821 3022 ademeris3
834 2966 948 3033 magna
962 2942 1018 3011 illa
1032 2941 1081 3009 vis
1097 2938 1248 3007 avaritiae

183 3046 385 3115 facilcbonis'
400 3047 545 3116 moribus
557 3046 710 3118 vincetur.
728 3050 842 3140 Atque
856 3050 936 3115 haec
955 3049 999 3114 ita
1021 3070 1089 3113 sese
1109 3045 1247 3123 habere,

184 3156 308 3229 tametsi
338 3180 447 3224 omnes
473 3157 569 3247 aequi
597 3173 692 3247 atque
715 3156 820 3247 iniqui
842 3168 1034 3222 memorent:
1056 3168 1162 3232 tamen
1185 3147 1247 3215 tibi

183 3282 258 3326 eum
281 3259 419 3328 factione
440 3264 618 3330 nobilitatis·
641 3263 729 3328 haud
750 3261 952 3328 mediocriter
971 3259 1158 3327 certandum
1179 3270 1255 3324 est:⁴

206 3504 218 3540 r
242 3485 360 3543 Servius
376 3485 520 3564 populum*
532 3482 695 3547 Romanum
732 3487 847 3565 raroab
862 3487 924 3545 aliie
942 3487 1111 3562 suffragium
1129 3491 1244 3560 palere·
1274 3554 1278 3568 .

162 3591 164 3593 ·
184 3559 215 3616 iu
232 3563 342 3619 classes
362 3561 513 3629 diviserat,
538 3577 566 3621 et
584 3567 695 3622 classes
732 3561 787 3622 tur.
801 3565 966 3630 Gracchus,
977 3560 1178 3618 utnobilitatis
1192 3576 1246 3614 aus

184 3635 215 3693 in
234 3641 397 3695 centurias.
412 3636 452 3694 Ut
470 3658 539 3698 vere
558 3638 695 3700 divitibus
733 3642 892 3699 ctoritatcm
901 3640 1080 3704 diminueret,
1090 3633 1203 3693 volebat
1212 3646 1245 3689 ut

185 3713 337 3768 maximam
367 3715 472 3770 fauent
505 3729 695 3797 potestatem,
734 3720 973 3774 senecenturiae
990 3710 1175 3786 ad'sullragia
1191 3728 1243 3765 vo·
1309 3757 1312 3764 ,

182 3791 299 3861 primm
311 3790 401 3846 classi
409 3792 635 3866 praerogativam
646 3792 696 3850 de·
734 3805 876 3849 curentur.
910 3790 1062 3848 Sallustius
1091 3787 1245 3842 Caesarem

186 3859 288 3933 derat,
311 3877 343 3922 ut
363 3866 456 3942 prima
484 3867 617 3944 suffragia
641 3869 706 3925 ler·.
735 3868 913 3939 adhortatur,
922 3879 955 3925 ut
964 3865 1039 3933 hane
1049 3860 1140 3941 legem
1151 3860 1243 3922 leren-

187 3949 245 4005 ηις
264 3957 299 3993 ex
321 3960 384 4014 quo
396 3942 553 4009 eveniebat,
572 3962 639 4002 curn
661 3959 695 4001 ea
732 3945 897 4007 darncuret.

190 4011 306 4092 reliquis
314 4015 446 4076 omnibus
453 4019 654 4098 praepolleret)
663 4031 702 4081 ut·

995 4107 1069 4181 *rb
