2888 4748
362 290 375 325 ³
449 267 639 387 sanson
665 271 1004 386 csirusimuu
1219 299 1283 390 ss‘

185 482 252 536 tute
264 521 275 551 ,
293 493 353 559 pro
375 469 438 535 rito
459 487 643 539 certamus:
667 472 733 536 illis
757 490 1025 559 supervacaneum
1049 486 1096 536 est
1115 493 1263 559 pugnare
1312 542 1314 547 ,

185 604 246 666 pro
258 580 404 665 potentio
417 603 594 666 paucorum
603 607 613 659 3
628 604 690 666 quo
706 579 861 644 audacius
877 578 1101 667 adgredimini,
1110 605 1263 668 memores

182 687 340 773 pristinae
365 688 496 752 virtutis.
522 689 627 752 Licuit
651 688 740 752 nobis
764 712 837 753 cum
858 712 981 753 summo
1005 687 1201 773 turpitudine
1226 691 1262 753 in

185 794 304 859 exsilio
329 810 467 867 aetutem
486 809 594 881 ogere.
621 797 774 860 Potuistis
797 796 948 862 nonnulli
972 799 1111 879 Romae,
1134 796 1264 866 omissis

184 901 299 982 bonis,
314 902 440 966 alienos
458 901 553 987 opes¹
573 919 769 989 exspectare.
789 905 871 985 Quin
894 903 953 966 illu
971 903 1075 988 foeda
1096 906 1191 988 otique
1216 905 1264 966 in-

185 998 357 1074 tolerando
381 1011 454 1073 viris
479 1010 686 1091 videbantur,
710 1010 788 1082 haec
808 1010 901 1097 sequi
923 1010 1112 1074 decrevistis.
1131 1008 1286 1074 Si'bnec¹

185 1117 370 1202 relinquere
387 1116 481 1179 vultis
489 1166 500 1194 ,
514 1117 655 1180 audacia
671 1142 748 1204 opus
764 1132 820 1181 est.
837 1121 957 1196 Nemo,
973 1119 1037 1180 nisi
1051 1120 1148 1181 victor
1159 1167 1169 1196 ‚
1181 1141 1273 1203 poce>

187 1222 312 1287 bellum
327 1224 460 1293 mutavit
474 1225 494 1285 ⁰.
511 1228 607 1301 Nom,
623 1226 656 1286 in
662 1225 748 1310 sugo
763 1224 899 1287 salutem
915 1249 1058 1310 sperare,
1073 1249 1145 1310 cum
1161 1249 1268 1304 ormo,

186 1331 259 1414 quis
276 1353 388 1414 corpus
404 1332 540 1415 togit'nr,
560 1330 601 1393 ab
618 1330 758 1396 hostibus
775 1333 945 1410 averteris,
961 1356 1001 1395 eo
1015 1357 1085 1395 vero
1101 1330 1267 1423 dernentio
1301 1391 1303 1395 ,

189 1451 246 1500 est.
262 1439 394 1523 Semper
409 1440 443 1501 in
456 1438 581 1523 proelio
598 1439 637 1501 iis
653 1454 841 1501 maxumum
857 1453 905 1501 est
916 1431 1184 1525 periculum-,sani
1199 1463 1265 1504 ma·
1302 1416 1308 1430 .

189 1567 287 1607 cume
303 1546 437 1610 timent?
452 1542 591 1610 audacio
604 1570 663 1631 pro
680 1569 770 1608 muro
787 1544 929 1613 babetur.
950 1551 1030 1609 Cum
1051 1571 1101 1609 vos
1117 1545 1265 1632 consides·
1299 1593 1303 1611 .-

189 1676 249 1730 ro,
271 1653 411 1730 milites,
433 1669 465 1716 et
487 1677 560 1716 cum
573 1654 683 1738 socto'
694 1669 796 1718 vestra
819 1668 983 1731 nestnmo,
998 1677 1113 1740 magno
1129 1677 1178 1717 me
1194 1676 1267 1739 spes

190 1760 340 1824 victorine
357 1775 451 1824 tenet.
470 1763 623 1839 Animus,
638 1776 749 1838 aetus,
764 1762 860 1826 virtus
881 1775 982 1823 vestra
1002 1785 1051 1824 me
1071 1760 1265 1827 ¹hortantur:

185 1882 355 1952 praeterea
377 1867 589 1945 necessitudo,
606 1891 687 1953 quae
704 1870 800 1929 etiam
817 1866 943 1930 timidos
948 1867 1049 1951 fortis
1053 1870 1151 1955 socit.
1169 1873 1266 1948 Nom,
1297 1896 1299 1903 ·

187 1975 361 2038 multitudo
377 1975 513 2038 bostium
530 1999 569 2038 ne
587 1975 812 2038 oiroumoenire
829 1989 947 2059 queat,
963 1973 1134 2060 prohibent
1149 2000 1264 2063 angus-

187 2083 253 2145 tiae
271 2081 342 2144 loci
361 2081 452 2162 Quod
474 2084 504 2145 si
525 2082 634 2144 virtuti
657 2097 775 2145 vestroe
790 2082 929 2165 fortuna
950 2082 1120 2161 inviderit,
1135 2098 1241 2150 cavete
1252 2132 1265 2164 ,

187 2188 289 2257 inulti
311 2191 452 2255 animam
476 2190 652 2268 amittatis3
669 2213 732 2254 neu
755 2192 844 2275 copti
865 2192 994 2277 potius,
1008 2193 1105 2256 sicuti
1124 2215 1264 2276 pecora,

187 2296 413 2376 trucidemini,
428 2321 525 2384 quom
549 2298 686 2363 virorum
711 2322 796 2377 more
819 2314 1021 2384 pugnantes,
1033 2313 1200 2369 cruentum
1215 2311 1264 2361 ot-

187 2428 269 2491 quoc
287 2405 464 2471 luctuosam
481 2406 644 2469 victoriam
660 2404 802 2467 hostibus
818 2406 1018 2490 relinquatis.

231 2510 341 2575 LXII.
368 2512 455 2575 Haec
470 2510 527 2575 ubi
542 2510 640 2592 dixit,
655 2509 838 2601 paullulum
854 2527 1086 2592 commoratus,
1106 2510 1196 2600 signa
1212 2532 1262 2575 ea·

184 2611 492 2706 nere³jubct3atque
508 2617 681 2683 instructos
697 2618 824 2684 ordines
841 2619 998 2685 inlocum
1014 2623 1152 2709 aequum
1164 2606 1262 2684 dedu-

186 2726 239 2791 cit.
257 2723 364 2806 Dein,
379 2725 508 2790 remotis
524 2727 668 2793 omnium
684 2727 794 2816 equis,
817 2752 881 2817 quo
896 2728 1068 2808 militibus,
1079 2740 1265 2816 :exaequato

185 2833 348 2923 periculo,
369 2833 494 2929 animus
517 2833 652 2924 amplior
674 2848 772 2916 esset,
795 2836 864 2925 ipsc
886 2835 983 2926 pedes
1005 2835 1179 2923 exercitum
1201 2823 1262 2924 pro

183 2941 256 3007 loco
282 2954 377 3030 atque
402 2941 504 3031 copiis
527 2941 664 3007 instruit
682 2942 783 3025 Nam,
798 2943 846 3007 ‘uti
862 2942 1011 3034 planities
1027 2939 1094 3008 erat
1113 2942 1196 3007 inter
1220 2941 1265 3007 si-
1312 2981 1313 2984 =

183 3049 300 3120 nistros
320 3047 455 3130 montis,
478 3062 509 3114 et
524 3050 564 3113 ab
579 3049 705 3115 dextera
722 3073 818 3140 rupes
834 3075 964 3141 aspera,
977 3065 1052 3115 octo
1068 3049 1208 3114 cohortis
1224 3049 1260 3112 in

179 3155 287 3223 fronte
301 3157 484 3236 constituit3
500 3158 623 3246 reliqua
639 3157 733 3247 signa
745 3159 779 3223 in
795 3158 946 3223 subsidiis
963 3158 1083 3240 arctius
1099 3157 1258 3222 conlocat.

184 3261 237 3326 Ab
259 3261 310 3326 his
333 3262 535 3330 centuriones
552 3265 656 3330 omnis
671 3265 771 3330 lectos
785 3278 818 3330 et
834 3279 981 3332 evocatos
995 3261 1025 3344 ⁴,
1040 3274 1260 3354 praeterea'ex

183 3368 336 3458 gregariis
344 3369 499 3434 militibus
508 3371 625 3458 optime
635 3392 793 3459 quemque
803 3370 1148 3461 armatuminprimam
1158 3370 1260 3435 aciem

181 3473 344 3542 subducit.
364 3475 399 3538 C.
417 3475 576 3541 Manlium
597 3477 631 3541 in
652 3477 781 3560 dextra,
797 3469 1013 3545 Faesulanum
1033 3478 1203 3567 quemdam
1226 3475 1261 3539 in
1345 3568 1348 3573 θ
1374 3472 1435 3560 ‘⁴53

207 3672 218 3706 1
240 3651 436 3728 Largitiones,
456 3664 583 3730 captatus
599 3651 701 3710 haere·
745 3651 1191 3724 3Tub1s,bucciniS,cornibus
1205 3647 1260 3704 mi-

183 3725 974 3818 ditates.litaria1mperia
979 3731 1131 3786 dabantur.

206 3803 496 3874 2Paccms1vultis,
515 3805 635 3864 vincatis
650 3826 701 3862 ne·
757 3806 918 3878 Veterani
925 3828 975 3882 qui
968 3807 1125 3863 emersuss
1127 3799 1262 3933 upcndiis

185 3892 324 3946 cesseest3
341 3879 371 3934 in
383 3881 703 3959 bellissnim‚praeser·
741 3883 772 3938 in
757 3806 915 3939 itumultu
930 3878 1130 3937 tantumadhc
1154 3876 1263 3938 andum

184 3953 237 4008 tim
259 3923 411 4026 civilibus,
438 3959 562 4015 victores
589 3971 703 4016 tautum
741 3959 804 4051 cogi
815 3969 960 4034 poterant,
971 3955 1016 4013 vel
1026 3955 1163 4043 precibus
1174 3952 1263 4012 sllecu

183 4048 287 4113 pacem
299 3998 436 4091 obtinuit
740 4033 771 4091 io
788 4035 908 4112 gratiam
926 4032 1035 4092 ducum
1051 4031 1232 4112 militabant„

235 4145 311 4190 rr.
1059 4127 1076 4193 5
