2888 4748
246 336 293 408 36
537 339 574 407 C.
600 340 752 409 cntsrt
776 340 1023 412 stttusrtt

242 514 326 584 que,
349 487 438 581 quod
452 490 644 583 plerumque
660 495 694 560 in
715 496 816 560 aucei
832 495 962 585 negotio
976 512 986 536 ¹
1002 495 1102 577 solet,
1117 513 1247 564 senatus
1270 501 1325 566 de-

240 600 362 681 crevit,
386 605 508 665 Durent
524 626 653 688 operum
670 604 818 667 consules
828 656 839 684 ,
854 630 894 669 ne
914 605 995 691 quid
1011 605 1203 691 Respublica
1225 608 1325 673 detri-

239 712 343 775 menti
365 726 503 795 cuperet.
530 709 578 773 Ea
601 724 743 800 potestas
767 735 826 801 per
849 727 1017 793 senatum,
1041 736 1131 779 more
1154 714 1326 797 Romano,

238 817 443 907 magistratui
466 839 635 883 maxuma:
651 820 848 908 permittitur
864 823 1038 887 exereitum
1055 845 1187 911 parare,
1201 825 1325 891 bellum

240 948 372 1018 gerere,
395 947 544 991 coercere
567 925 718 992 omnibns
743 927 847 993 modis
872 930 976 995 socios
998 945 1095 1019 atque
1116 931 1216 997 civis:
1235 933 1325 998 domi

240 1033 442 1122 militiaeque
465 1031 665 1123 imperium,
688 1049 785 1123 atque
808 1036 966 1119 judicium
992 1062 1154 1104 summum
1177 1039 1322 1105 hahere:

141 1166 146 1173 ·
239 1141 348 1220 aliter,
364 1141 435 1206 sine
450 1140 565 1230 populi
580 1144 686 1224 jussu,
701 1141 785 1207 nulli
800 1166 912 1209 earum
927 1167 1036 1210 rerum
1051 1148 1179 1212 consuli
1195 1151 1248 1232 jus
1262 1165 1320 1214 est

288 1247 424 1318 XXXI.
450 1249 530 1314 Post
552 1272 675 1339 pancos
697 1249 785 1331 dies,
801 1251 838 1316 1..
857 1251 976 1318 Senius
1000 1270 1128 1319 senator
1151 1257 1185 1320 in
1209 1272 1322 1323 senatu

238 1358 363 1426 litteras
377 1357 536 1439 recitarit,
550 1381 631 1448 quas
648 1359 796 1424 Faesulis
812 1359 933 1425 adlatas
949 1361 1012 1426 sibi
1028 1361 1155 1429 dicebu
1170 1365 1323 1449 aQuinto

242 1467 366 1545 Patio;
382 1467 417 1531 in
434 1465 554 1556 quihus
570 1465 726 1557 scriptum
741 1481 828 1546 erat,
846 1473 880 1532 C.
898 1469 1060 1533 Manlium
1076 1497 1166 1535 armo
1183 1475 1324 1558 cepisse,

240 1599 315 1640 cum
340 1598 456 1661 magna
480 1574 687 1639 multitudine
700 1623 710 1654 ,
738 1592 814 1639 unte
838 1576 924 1640 diem
948 1594 1076 1640 sextum
1104 1579 1321 1643 Calendarum

241 1683 487 1752 Novembrium:
511 1683 627 1766 simul,
651 1682 686 1746 id
709 1683 799 1775 qnod
813 1684 848 1749 in
864 1684 921 1750 tali
936 1708 972 1751 re
987 1685 1087 1768 solet,
1103 1684 1158 1751 ulii
1172 1702 1323 1778 portento

240 1862 361 1922 referret
385 1888 392 1920 ε
416 1866 500 1939 cujus
519 1874 679 1922 conventus
696 1862 760 1920 lau·
799 1880 880 1930 saus,
907 1862 967 1919 duo
986 1881 1048 1921 esse
1068 1883 1192 1941 corpora
1211 1865 1242 1921 in
1261 1865 1321 1924 lte·

239 1960 315 2018 guor
335 1952 364 1997 et
384 1939 534 1996 haesitatio
556 1960 648 2017 quum
676 1940 760 1996 Cice-
797 1937 916 2016 publica
942 1939 1016 1995 dixit
1035 1943 1044 2011 Ι
1063 1954 1196 1998 senatum
1214 1962 1321 2020 nempe

238 2036 342 2074 renem
354 2015 557 2084 deterruisset,
577 2016 624 2072 illa
645 2014 690 2070 die
706 2015 760 2072 do·
798 2027 827 2072 et
848 2015 1029 2104 populuml,
1050 2037 1178 2092 quorum
1197 2016 1321 2076 alterum

238 2110 289 2150 ruo
312 2093 380 2149 exiit
400 2091 558 2149 amicorum
577 2105 605 2148 et
624 2091 762 2147 ehentum
799 2105 862 2148 erat
887 2093 1036 2149 infirmum
1066 2095 1161 2170 capite
1185 2094 1321 2165 infirmo,

237 2169 384 2247 praesidio
404 2168 533 2244 stipatus.
555 2167 599 2222 Eu
620 2168 761 2233 Crassus,
800 2167 924 2223 alterum
943 2167 1091 2239 validum,
1116 2170 1167 2227 sed
1187 2172 1247 2228 sine
1273 2193 1321 2228 ca-

237 2244 672 2321 MarcellusetMetellusSeipio
682 2243 761 2319 apud
799 2244 875 2321 pite;
895 2257 983 2320 atque
1002 2245 1071 2302 huic
1095 2246 1132 2302 de
1157 2267 1187 2303 se
1213 2248 1322 2322 optime

239 2326 412 2382 Ciceronem
434 2321 470 2378 ad
491 2321 605 2378 tertiam
624 2320 758 2396 vigiliam.
798 2320 920 2388 merito,
947 2341 1098 2397 nunquam
1124 2335 1211 2399 caput
1237 2321 1321 2379 desu-

239 2402 365 2459 Crassus
375 2401 429 2458 sibi
441 2400 479 2456 ab
488 2397 760 2474 homineincognito
799 2409 906 2453 turum.
921 2396 1052 2455 Senatus·
1065 2398 1163 2455 audito
1184 2411 1243 2453 tam
1263 2398 1320 2453 im-

239 2479 428 2555 epistolarum
448 2474 615 2532 fasciculum
642 2472 759 2530 allatum
799 2473 876 2528 mani
890 2493 1041 2551 responso,
1058 2495 1114 2552 pro
1126 2487 1205 2532 certo
1216 2473 1322 2532 habuit

240 2550 761 2629 fuisseait,quaemultissenatoribus
798 2561 947 2626 potentem
960 2571 1020 2608 esse
1029 2550 1319 2625 conjurationemde·

198 2675 205 2689 .
239 2630 396 2705 inscriptae
420 2641 521 2696 erant;
552 2647 677 2702 cumque
700 2628 761 2703 pri·
800 2628 963 2704 crevitque:
978 2627 1253 2685 Videantcensules
1266 2639 1320 2687 ete.

240 2725 317 2761 marn
331 2706 385 2760 siti
398 2705 563 2781 inscriptam
581 2702 711 2780 legisset,
731 2702 761 2759 in
824 2700 1321 2762 uodecretoconsulibusauctoritas

240 2801 274 2837 ea
296 2782 405 2836 moneri
418 2794 450 2837 ut
463 2782 552 2836 Roma
565 2783 671 2847 exiret,
692 2779 760 2854 quia
801 2724 951 2836 dictatoria
982 2777 1166 2837 conceditur.
1202 2778 1321 2839 Postera

240 2856 366 2913 Catilina
392 2859 535 2931 ingentem
559 2855 676 2911 coedem
699 2856 760 2912 edi·
800 2858 845 2912 dic
858 2857 938 2925 {le
951 2854 1014 2914 Kal.
1024 2855 1113 2927 Nou]
1131 2874 1189 2930 qua
1205 2853 1320 2910 comitia

239 2945 325 2990 turus
336 2946 404 2989 erat.
419 2935 557 2989 Caeterae
570 2931 665 2989 adhue
678 2946 760 2991 crant
798 2931 932 2987 habenda
953 2944 1051 3000 erant,
1073 2931 1176 2987 Cicero
1196 2929 1320 2986 Romam

239 3010 415 3086 obsignatae.
446 3008 548 3065 Cicero
576 3027 624 3065 eas
653 3009 759 3064 nemini
798 3009 945 3064 arcessivit
964 3009 1064 3086 plures
1084 3005 1211 3074 milites,
1238 3006 1320 3063 auxit

240 3087 351 3142 consuit
369 3085 574 3161 resignandas,
596 3085 758 3143 nisiinl're-
798 3083 942 3140 custodias
973 3099 1061 3160 atque
1088 3083 1118 3137 iu
1149 3082 1320 3144 concionem

240 3163 341 3237 quiriuli
363 3175 471 3218 senatu.
494 3163 608 3217 Postera
622 3161 667 3217 die
679 3161 757 3218 XIII.
776 3158 779 3165 ’
796 3161 876 3221 venit
904 3161 1025 3237 stipatus
1055 3158 1174 3228 amieis,
1199 3157 1320 3215 loricam

239 3236 360 3296 Kalend.
376 3240 445 3294 Nor.
465 3251 639 3296 convocatus
656 3238 709 3297 luit
728 3239 758 3292 in
797 3237 852 3292 sul)
865 3249 949 3313 toga,
968 3237 1017 3292 sed
1035 3234 1247 3312 aliquantulum
1268 3233 1319 3291 de·

239 3314 339 3370 aedem
353 3315 552 3383 Concordiae,
572 3315 622 3370 ubi
634 3314 757 3370 Catilina
797 3326 901 3372 tectam
915 3314 1090 3380 tenentibus,
1103 3326 1135 3368 ut
1155 3310 1319 3400 periculum

239 3411 359 3466 quoque
379 3391 507 3446 interfuit
538 3392 639 3447 Cicero
652 3391 757 3466 episto·
797 3389 989 3449 ostenderent.
1012 3390 1164 3462 conjurati
1178 3408 1242 3442 cum
1257 3386 1319 3444 telis

238 3464 297 3533 las,
328 3479 359 3523 ut
387 3467 492 3542 cuique
525 3467 647 3523 senatori
676 3479 757 3522 erant
798 3465 951 3520 CatiIinam
971 3464 1001 3519 in
1024 3483 1160 3544 carnpum
1182 3463 1319 3519 Martium

238 3542 415 3618 inscriptae,
454 3541 620 3610 distribuit,
652 3563 757 3616 easque
796 3539 1318 3613 comitatisuntliatissulliagiiscrea-

238 3638 342 3696 magua
364 3640 434 3679 voco
455 3619 508 3693 legi
535 3619 630 3693 jussit,
651 3638 756 3693 quum·
797 3619 817 3672 ti
838 3618 955 3673 luerunt
981 3615 1113 3671 eonsules
1137 3614 1262 3670 Sillanus
1291 3626 1320 3670 et

264 3716 298 3749 uc
319 3694 473 3755 audivisset
497 3695 527 3748 in
553 3693 687 3749 omnibus
713 3695 757 3769 ogi
797 3693 935 3759 lllurena13
951 3705 978 3756 et
988 3691 1112 3746 Catilina
1126 3690 1257 3765 quamvis
1273 3688 1318 3746 su-

239 3714 275 3829 de
296 3772 494 3844 conjuratione
519 3783 547 3826 et
564 3770 599 3826 de
620 3769 758 3826 coedibus
796 3789 863 3824 rens
880 3769 917 3823 ob
931 3767 1007 3825 hanc
1019 3767 1137 3824 alteram
1152 3764 1319 3842 repulsam,

241 3866 257 3899 a
271 3847 393 3902 Catilina
404 3847 628 3923 dispositis,eum
639 3866 757 3922 respon·
798 3857 856 3900 tam
868 3844 995 3902 validum
1008 3842 1184 3920 praesidium
1203 3841 1318 3916 conspi-

239 3918 308 3977 dore
326 3936 394 3978 etse
412 3943 537 4001 purgare
556 3923 592 3977 ab
605 3923 638 3978 iis
650 3922 756 3997 quilius
795 3921 888 3989 ciens,
900 3922 958 3978 vim
971 3920 1063 3976 lacere
1076 3939 1162 3975 ausus
1174 3937 1234 3972 non
1253 3916 1314 3974 suit.

238 3996 484 4068 insimulalmtur,
512 3998 602 4074 jubet.
633 3996 756 4053 (latilina
819 4018 828 4051 1
855 3994 1015 4071 Republica
1037 3995 1073 4054 ad
1094 4008 1221 4054 extrema
1237 3992 1315 4077 peri-

239 4093 334 4153 noque
356 4094 478 4150 negans,
504 4096 599 4153 neque
620 4094 648 4134 se
669 4094 756 4132 excu·
796 4072 862 4130 cula
882 4071 1010 4132 reducta.
