2888 4748
447 323 634 390 sennua
658 318 997 388 oneraremur
1214 347 1253 409 ,1

190 476 365 551 amicitiam
388 490 520 538 vestram
545 489 577 537 et
600 497 729 559 regnum
753 495 858 536 meum
878 495 1029 558 sperare:
1057 472 1164 537 utrum
1186 498 1257 560 gra·

186 590 256 656 rius
278 584 473 650 caismmet¹
486 632 497 662 ,
512 583 634 646 nemini
657 579 816 646 occultum
840 594 895 643 est.
920 584 1001 644 Nam
1025 582 1116 643 initio
1141 583 1268 646 occidit.
1343 606 1344 610 ¹

187 691 404 778 Hiempsalem
417 689 559 775 fratrem
584 713 688 753 mcum
709 716 717 752 :
740 688 856 754 deinde
878 690 983 774 patrio
1007 685 1175 774 regna'me
1200 714 1257 754 eoc-

186 801 280 889 pulit.
307 803 394 882 Quae
426 821 503 862 sane
524 799 656 882 suerint
684 813 810 863 nostrae
841 799 1000 880 injuriae,
1024 794 1108 859 nihil
1130 796 1173 860 ad
1196 822 1257 860 ros.

193 912 308 972 Verum
331 931 416 971 nunc
439 930 570 990 regnum
594 923 728 971 restrum
751 907 848 970 armis
873 921 987 969 tenet:
1010 930 1080 984 me,
1096 930 1189 991 quem
1206 930 1256 968 ros

183 1017 406 1101 imperatorem
422 1014 569 1078 Numidis
582 1016 749 1100 posuistis,
762 1015 907 1077 clausum
924 1011 1066 1076 obsidet:
1082 1013 1255 1099 legatorum

184 1123 279 1186 rerba
294 1123 408 1208 quanti
417 1122 560 1205 feccrit,
581 1122 727 1208 pericula
743 1144 813 1184 mea
829 1120 1003 1183 declarant.
1023 1121 1106 1199 Quid
1120 1137 1167 1184 est
1182 1116 1256 1186 reli·

177 1234 298 1316 quum,
318 1230 382 1291 nisi
396 1230 439 1290 vis
456 1243 556 1291 restra
572 1231 602 1305 ²,
618 1252 681 1313 qua
697 1229 813 1290 moveri
825 1229 950 1312 possiti
966 1251 1040 1290 nam
1056 1251 1111 1312 ego
1127 1227 1255 1313 an'dem

187 1335 299 1398 sellem
322 1350 354 1398 ct
376 1333 454 1398 haec
475 1332 697 1420 quaomnia,
719 1349 751 1397 ct
776 1334 835 1397 illa
861 1358 942 1420 quae
966 1349 1063 1396 antea
1086 1337 1119 1397 ia
1144 1351 1257 1400 senatu

185 1458 314 1529 questus
337 1467 429 1521 sum,
453 1466 533 1506 vana
541 1444 656 1526 forent
669 1442 776 1528 potius
786 1491 795 1520 ,
812 1464 907 1528 quarn
929 1443 1058 1504 miseria
1075 1442 1256 1526 meafidem

187 1550 287 1614 serbis
299 1551 438 1634 faceret.
465 1549 530 1613 Set
554 1551 704 1635 quoniam
729 1573 765 1612 eo
790 1562 884 1611 natus
908 1573 997 1626 sum,
1021 1563 1057 1611 ut
1079 1549 1255 1634 Iugurthae

184 1658 339 1722 scelerum
360 1659 498 1722 ostentui
519 1680 617 1720 essem
633 1653 665 1735 ³3
681 1680 744 1719 non
758 1659 827 1741 jam
849 1671 979 1718 mortem
1004 1679 1108 1742 neque
1133 1680 1257 1719 aerum·

185 1789 265 1843 aas,
282 1764 497 1828 tantummodo
519 1765 642 1826 inimici
665 1765 832 1848 imperium
865 1777 897 1825 ct
929 1764 1089 1825 cruciatus
1118 1765 1257 1848 corporis

99 1938 101 1944 ,
188 1871 346 1958 deprecor.
372 1874 477 1956 Regno
502 1869 694 1946 Numidiae,
718 1869 804 1955 quod
827 1883 960 1930 vestrum
986 1884 1052 1946 est,
1074 1871 1123 1931 uti
1147 1869 1258 1947 lubet,

188 1978 366 2041 consulite:
380 2001 428 2040 me
443 2001 486 2040 ea
501 1975 646 2038 manibus
666 1977 761 2059 inpiis
779 1976 904 2059 eripite,
911 1997 970 2059 per
987 1977 1184 2058 majestatem
1200 1978 1258 2039 im-

190 2086 275 2177 perii
286 2131 296 2160 ,
309 2107 368 2168 per
385 2082 545 2144 amicitiae
552 2081 676 2164 fidem,
692 2083 720 2145 si
736 2081 806 2143 ulla
821 2080 908 2166 apud
922 2104 972 2144 ros
990 2083 1141 2144 memoria
1157 2107 1260 2146 rema·

191 2205 246 2259 net
269 2191 320 2251 avi
342 2191 405 2252 mci
429 2191 627 2252 Masinissae.
750 2256 753 2263 ,

257 2294 404 2362 XXVII.
429 2296 488 2358 His
516 2294 629 2363 litteris
651 2296 816 2376 recitatis,
838 2295 926 2361 fuere
949 2297 1004 2385 qui
1028 2297 1200 2370 exercitum
1223 2295 1256 2359 in

183 2401 334 2468 Africam
356 2401 546 2466 mittendum
568 2416 751 2481 conserent,
775 2417 805 2465 et
829 2403 1064 2490 quamprimum
1089 2401 1257 2468 Atherbali

188 2507 459 2584 subveniendum
474 2507 514 2573 de
529 2508 551 2573 J
553 2507 691 2594 ugurtha
706 2507 834 2571 interim
856 2510 904 2572 uti
926 2509 1162 2589 consuleretur,
1180 2533 1257 2598 quo-

188 2615 275 2684 niam
297 2636 362 2703 uon
384 2615 542 2703 paruisset
564 2613 683 2702 legatis.
709 2613 773 2679 Sed
797 2616 835 2678 ab
857 2616 970 2680 iisdem
991 2616 1054 2679 illis
1077 2615 1256 2681 fautoribus

190 2722 274 2810 regis
290 2744 414 2786 summa
430 2744 490 2810 ope
505 2721 632 2785 enisum
644 2723 672 2801 ⁴,
693 2744 733 2785 ne
749 2723 811 2786 tale
827 2722 989 2786 decretum
1010 2717 1108 2787 fieret.
1132 2722 1181 2787 lta
1203 2723 1259 2787 ho·

188 2851 268 2894 num
282 2827 468 2918 publicum,
483 2843 520 2893 ut
534 2829 567 2892 in
583 2828 744 2917 plerisque
759 2830 894 2918 negotiis
910 2830 1000 2909 solet,
1016 2832 1140 2919 privata
1155 2831 1257 2919 gratia

189 2936 360 3005 devictum,
377 2935 540 3024 Legamus
555 2951 659 3000 tamon
675 2936 709 2999 in
726 2937 869 3002 Africam
892 2941 1027 3021 majores
1050 2940 1146 3017 natu,
1170 2937 1259 3002 nobi-

190 3042 254 3122 les,
271 3043 383 3132 amplis
399 3042 574 3106 honoribus
589 3043 659 3120 usi;
674 3045 815 3131 inqueis
831 3043 893 3108 tuit
909 3045 951 3106 M.
971 3044 1122 3124 Scaurus,
1139 3044 1177 3108 de
1193 3067 1258 3131 quo

191 3172 288 3238 supra
303 3150 558 3230 memoravimus,
569 3150 745 3214 consularis
769 3165 800 3214 et
822 3165 888 3214 turn
904 3152 938 3213 in
955 3165 1065 3215 senatu
1081 3150 1257 3240 princeps⁵.

191 3255 251 3335 Hi,
267 3253 418 3342 quadres
433 3256 467 3322 in
483 3256 604 3325 invidia
619 3272 704 3338 erat,
724 3257 820 3321 simul
835 3271 866 3321 et
882 3281 900 3320 a
917 3257 1064 3322 Numidis
1082 3258 1258 3338 obsecrati,

213 3523 223 3558 1
250 3502 533 3576 Graviusilleputat
543 3525 604 3561 non
614 3507 706 3562 habe-
746 3511 775 3563 vi
785 3512 935 3586 armisque
947 3510 984 3564 ab
1003 3514 1143 3583 incoepto
1164 3507 1258 3562 dima-

191 3599 224 3634 re
236 3598 359 3652 regnum
374 3597 486 3643 meum,
498 3600 587 3655 quam
604 3587 707 3638 amici·
747 3595 858 3639 veatur.

190 3652 708 3723 tiamvestram:videlicet3kauddu-
765 3658 898 3717 5Idest:
926 3664 1014 3718 Utin
1035 3678 1082 3714 me
1112 3657 1261 3734 Iugurtha

191 3730 269 3786 biom
280 3740 324 3786 est
334 3749 398 3785 eum
407 3733 568 3786 amicitiam
579 3745 705 3790 vestram
745 3736 914 3792 ostenderet
923 3739 1037 3794 scelera
1045 3754 1109 3793 sua.

191 3815 400 3870 contemnere,
426 3805 584 3864 dummodo
611 3830 705 3884 regno
764 3809 916 3882 4Passive
936 3812 1067 3879 dictum..

191 3898 256 3936 meo
273 3885 417 3954 potiatur.
767 3887 786 3944 5.
802 3889 1006 3963 Cujusnomen
1017 3889 1261 3962 inrecognoscen-

211 3973 226 4009 2
249 3957 320 4012 Cum
340 3957 507 4029 legatarum
536 3961 627 4015 verba
656 3982 708 4018 ne·
748 3962 785 4019 do
798 3977 897 4020 senatu
911 3965 1038 4042 primum
1047 3981 1179 4024 censores
1190 3961 1264 4021 trois

189 4031 330 4106 glexerit,
339 4033 486 4116 reliquum
495 4043 549 4108 est,
558 4046 591 4095 ut
602 4048 711 4115 aperta
749 4040 857 4102 tabant.
