2888 4748
232 338 294 404 150
523 332 558 398 C.
585 334 732 400 CRISPI
759 331 1001 402 SALLUSTII

234 499 287 551 ctu
312 498 405 572 atque
429 482 524 547 caede
548 484 655 548 omnia
679 485 886 575 complentur.
914 486 1065 575 Denique
1085 487 1196 554 multis
1218 490 1302 558 loeis

232 593 370 683 potitus,
394 615 431 655 ac
453 591 614 681 plerisque
638 593 777 659 exercitu
798 596 981 676 incruento,
997 595 1093 660 aliam
1109 620 1175 662 rem
1192 598 1301 688 adgre-

232 701 342 779 ditur,
364 723 429 763 non
454 699 564 764 eadem
592 701 781 790 asperitate,
810 726 873 791 qua
899 704 1134 792 Capsensium,
1157 721 1301 774 ceterum

231 808 318 873 haud
341 832 432 873 secus
456 806 628 873 difficilem.
646 807 790 897 Namque
805 809 893 875 haud
915 812 1009 900 longe
1033 836 1052 876 a
1076 811 1208 878 flumine
1226 815 1298 879 Mu-

230 916 365 995 luchiae,
389 915 476 1003 quod
503 915 682 1004 Jugurthae
710 915 894 1005 Bocchique
917 942 1051 1007 regnum
1074 919 1298 1008 disjungebat,

230 1039 297 1088 erat
320 1024 403 1088 inter
426 1038 563 1088 ceteram
593 1023 765 1112 planiciem
793 1046 882 1088 mons
907 1049 1040 1107 saxeus,
1068 1025 1222 1092 mediocri
1246 1052 1299 1093 ca·
1403 1056 1409 1066 ¹

231 1131 339 1211 stello,
363 1131 438 1195 satis
462 1145 589 1219 patens,
612 1131 646 1195 in
669 1131 851 1197 inmensum
874 1132 995 1214 editus,
1015 1158 1080 1198 uno
1104 1150 1297 1225 perangusto

230 1240 319 1305 aditu
335 1239 445 1304 relicto
456 1252 553 1304 :nam
577 1238 680 1303 omnis
696 1253 810 1303 natura
826 1257 854 1319 ¹,
874 1241 962 1306 velut
985 1265 1080 1330 opere
1105 1257 1200 1332 atque
1225 1267 1297 1308 con·

231 1348 333 1428 culto,
349 1370 508 1436 praeceps.
527 1349 631 1429 Quem
654 1347 761 1411 locum
786 1346 927 1428 Marius,
951 1349 1106 1438 quodibi
1130 1351 1214 1438 regis
1231 1351 1297 1415 the-

231 1456 317 1522 sauri
342 1470 449 1535 eraut,
474 1478 597 1518 summa
621 1455 654 1521 vi
678 1478 792 1543 capere
813 1455 970 1520 intendit:
994 1457 1050 1521 sed
1073 1481 1109 1522 ea
1134 1481 1184 1522 res
1199 1457 1298 1539 forte,

232 1586 328 1655 quam
353 1562 506 1641 consilio,
529 1562 644 1626 melius
664 1577 759 1650 gesta.
784 1562 865 1626 Nam
889 1563 1017 1628 castello
1040 1565 1182 1631 virorum
1201 1579 1297 1653 atque

232 1694 393 1736 armorum
418 1670 492 1734 satis
516 1692 629 1758 magna
652 1669 700 1746 vis
721 1683 752 1734 et
766 1668 932 1749 frumenti,
954 1685 986 1735 et
1008 1670 1079 1736 fons
1104 1695 1221 1759 aqnae3
1244 1695 1296 1760 ag-

230 1779 358 1869 geribus
381 1777 586 1866 turribusque
613 1791 645 1841 et
667 1777 738 1841 aliis
762 1776 1051 1843 machinationibus
1074 1778 1163 1842 locus
1188 1778 1295 1867 inpor-

231 1901 350 1952 tunus:
369 1886 429 1950 iter
452 1885 718 1949 castellanorum¹
744 1898 914 1973 angustum
932 1883 1120 1966 admodum,
1135 1885 1296 1973 utrimque

230 1995 430 2085 praecisum:
446 1993 558 2058 vineae
580 2014 655 2057 cum
677 1993 799 2079 ingenti
821 1992 965 2080 periculo
981 1991 1099 2057 frustra
1113 1992 1294 2081 agebantur.

232 2102 312 2164 Nam
334 2123 406 2164 oum
427 2123 482 2164 eae
497 2100 606 2188 paullo
629 2114 864 2188 processerant,
886 2100 952 2186 igni
979 2113 1033 2164 aut
1047 2099 1208 2187 lapidibus
1228 2123 1295 2164 cor-

230 2208 477 2295 rumpebantur:
494 2207 610 2271 milites
633 2228 736 2293 neque
752 2228 811 2293 pro
834 2210 956 2293 opere³
978 2207 1149 2271 consistere
1167 2221 1297 2296 propter

231 2313 432 2402 iniquitatem
449 2314 531 2394 loci,
554 2336 658 2402 neque
682 2313 766 2376 inter
787 2311 897 2377 vineas
921 2312 990 2376 siue
1004 2314 1148 2402 periculo
1164 2312 1296 2377 admini-

231 2435 348 2487 strare:
374 2437 524 2510 optumus
548 2421 683 2510 quisque
707 2418 820 2487 cadere
842 2434 897 2484 aut
918 2420 1072 2499 sauciari3
1095 2420 1207 2486 ceteris
1230 2443 1294 2485 me·

231 2543 283 2600 tus
308 2531 425 2618 augeri.
746 2522 755 2534 ’

276 2637 438 2703 XCVIII.
464 2636 508 2701 At
536 2637 680 2717 Marius,
707 2635 817 2701 multis
840 2635 951 2701 dicbus
979 2651 1010 2701 et
1036 2636 1198 2701 laboribus
1222 2660 1296 2702 con-

229 2745 362 2824 sumtis,
391 2745 504 2810 anxius
534 2746 685 2810 traherc⁴
708 2767 782 2809 cum
810 2744 916 2808 animo
945 2767 1026 2824 suo,
1060 2745 1218 2808 omitteret
1255 2767 1297 2808 ne

228 2853 409 2941 inceptum,
425 2853 577 2942 quoniam
600 2852 719 2919 frustra
743 2867 828 2930 erat3
846 2875 886 2915 an
901 2850 1063 2919 fortunam
1078 2851 1294 2940 opperiretur,

230 2984 294 3050 qua
319 2983 412 3049 saepe
435 2982 585 3048 prospere
609 2982 687 3023 usus.
715 2957 826 3022 fuerat.
857 2961 948 3041 Quae
976 2982 1050 3023 cum
1078 2957 1194 3022 multos
1225 2957 1293 3021 dies

230 3083 403 3156 noctesque
427 3082 574 3131 aestuans
597 3066 746 3154 agitaret,
769 3066 850 3129 forte
873 3064 1003 3152 quidum
1027 3065 1127 3152 Ligus
1147 3070 1159 3106 ⁵
1181 3087 1218 3128 ex
1239 3088 1294 3128 co-

228 3173 375 3243 hortibus
392 3174 566 3239 auxiliariis
586 3174 676 3236 miles
700 3173 882 3260 gregarius,
898 3171 1009 3238 castris
1025 3184 1177 3259 aquatum
1193 3194 1293 3260 egres·

230 3304 304 3359 sus,
328 3281 550 3370 haud-procul
574 3281 612 3343 ab
636 3281 733 3344 latere
757 3278 896 3359 castelli,
916 3279 1003 3367 quod
1020 3279 1189 3346 advorsum
1204 3304 1295 3371 proe-

228 3387 379 3458 liantibus
403 3403 486 3474 erat²
509 3387 734 3457 animadvertit,
754 3388 838 3453 inter
861 3411 934 3453 saxa
957 3402 1104 3486 repentes
1128 3388 1294 3454 cochleas:

252 3685 263 3724 1
286 3664 369 3719 Mons
388 3675 466 3719 totus
485 3661 523 3718 ita
534 3672 637 3716 natura
656 3682 742 3736 prae*
778 3660 825 3720 vel
844 3661 874 3716 in
893 3661 1033 3718 machinis
1052 3657 1264 3718 constituendis.

230 3759 298 3816 ceps
318 3752 387 3806 erat,
401 3753 433 3794 ut
443 3739 591 3796 bominum
602 3737 742 3794 industria
798 3737 1096 3814 dAnxieambigehat,
1106 3753 1142 3790 an
1151 3735 1294 3810 relinque-

232 3828 260 3872 et
281 3836 366 3892 opere
386 3816 476 3871 factus
496 3814 648 3872 videretur.
780 3827 849 3870 reto
871 3815 1074 3890 pugnatioue'm
1084 3811 1171 3886 hujus
1180 3809 1294 3868 castelli.

248 3893 392 3950 ullorum
413 3893 464 3967 qui
485 3889 632 3948 castellum
661 3889 741 3946 inco·
798 3836 966 3948 51desuex
979 3891 1117 3963 Liguria:
1132 3908 1295 3964 gensmon-
1361 3948 1363 3953 ,

228 3962 332 4024 lebant.
425 4034 428 4040 Ι
780 3979 847 4022 tana
865 3985 918 4042 per
943 3963 1027 4020 calles
1047 3978 1075 4020 et
1096 3964 1188 4026 invias
1209 3979 1298 4042 rupes

246 4040 265 4098 3
285 4043 338 4104 Vel
349 4043 379 4102 in
390 4044 548 4104 munitione
564 4041 741 4112 extruenda,
779 4062 868 4122 pecus
887 4060 971 4119 agere
991 4039 1082 4101 solita.
