2888 4748
469 333 472 339 ’
529 315 593 381 AD
618 315 799 382 PLEBEM
1088 324 1091 330 '
1150 322 1216 386 213

187 463 230 538 V.
256 465 424 535 cavendus
447 480 553 532 tamen
577 467 669 532 dolus
695 481 750 531 est.
772 465 890 553 Itaque
917 461 1014 529 simul
1030 486 1218 555 comparant
1274 478 1279 488 ’

143 575 375 656 delenimenta,
397 588 428 639 et
449 573 602 651 differunt
626 597 682 642 vos
705 573 739 636 in
763 571 939 639 adventum
963 573 1022 635 Ca.
1046 573 1218 665 Pompeii:

144 706 240 772 quem
256 684 363 773 ipsum
376 681 434 747 ubi
454 681 665 770 pertimuere,
690 680 851 744 sublatum
876 680 912 744 in
935 679 1074 747 cervices
1098 694 1172 747 suus
1188 692 1221 766 ¹,

142 810 219 856 mox
233 789 338 856 demto
354 804 441 853 metu
457 788 605 852 lacerant
626 787 737 876 Neque
753 810 807 852 eos
826 785 926 877 pudet
941 787 1103 869 vindices,
1119 790 1168 853 uti
1184 813 1219 856 se

144 895 268 978 ferunt,
283 897 458 976 libertatiS,
473 908 520 960 tot
534 894 640 977 viros,
656 894 724 959 sine
750 917 815 960 uno
837 897 848 921 ⁸
876 908 932 978 aut
951 895 1111 960 remittere
1132 895 1219 981 inju-

143 1003 225 1069 riam
240 1007 251 1045 ³
266 1027 330 1081 non
347 1002 483 1083 audere,
497 1016 553 1067 aut
576 1006 628 1086 jus
644 1025 708 1065 uon
730 1026 824 1095 posse
847 1001 1025 1069 defendere.
1047 1003 1131 1067 Mihi
1148 1005 1219 1098 qui-

144 1109 218 1176 dem
234 1111 309 1175 satis
325 1123 502 1200 spectatum
523 1122 588 1190 est,
608 1110 818 1198 Pompejum,
839 1123 945 1174 tautae
968 1109 1090 1198 gloriae
1113 1111 1221 1176 adole-

145 1232 305 1298 scentem,
320 1217 415 1281 malle
430 1216 610 1306 principem
624 1216 805 1284 volentibus
821 1217 912 1283 vobis
928 1239 1016 1298 esse,
1039 1241 1136 1306 quam
1151 1218 1218 1283 illis

147 1323 375 1389 dominationis
395 1323 538 1405 socium,
553 1338 779 1413 auctoremque
794 1323 828 1387 in
843 1323 955 1414 primis
970 1325 1039 1389 fore
1054 1322 1067 1361 ⁴
1081 1326 1218 1414 tribuni·

145 1432 215 1496 ciae
230 1432 404 1521 potestatis.
421 1432 557 1512 Verum,
575 1430 736 1514 Quirites,
752 1445 845 1495 antea
861 1429 979 1520 singuli
995 1431 1080 1500 cives
1095 1416 1130 1496 in
1145 1416 1218 1522 plu'-

145 1537 257 1621 ribus,
273 1559 338 1603 non
354 1538 388 1602 iu
404 1562 470 1603 uno
486 1539 594 1604 cuncti
609 1537 768 1627 praesidia
783 1537 964 1603 habebatis:
981 1561 1085 1628 neque
1100 1553 1218 1604 morta-

90 1720 92 1724 ,
144 1645 226 1710 lium
242 1645 412 1734 quisquam
435 1646 510 1728 dare
530 1659 586 1710 aut
607 1645 730 1735 eripere
748 1644 825 1710 talis
841 1669 925 1712 unus
945 1660 1078 1735 poterat.
1105 1647 1219 1735 ltaque

144 1753 317 1820 verborum
333 1753 408 1819 satis
424 1752 546 1818 dictum
561 1767 615 1817 est.
637 1753 749 1840 Neque
765 1753 850 1817 enim
869 1754 1049 1840 ignorantia
1064 1776 1115 1818 res
1132 1753 1219 1819 cluu-

144 1859 193 1924 dit
205 1875 226 1924 ⁵.
242 1861 367 1928 Verum
389 1859 558 1948 occupavit
577 1883 634 1924 vos
654 1858 763 1923 nescio
782 1881 868 1947 quae
891 1858 1043 1948 torpedo,
1066 1859 1142 1948 quia
1165 1883 1220 1926 ne-

146 1990 210 2055 que
231 1955 333 2054 gloria
356 1964 545 2045 movemini,
567 1960 670 2054 neque
693 1964 832 2053 flagiti03
854 1980 1035 2054 cunctaque
1055 1969 1218 2055 praesenti

145 2067 300 2159 ignavia⁶
322 2073 488 2136 mutastis:
512 2071 638 2136 abunde
653 2073 831 2137 libertatem
851 2072 930 2153 rati,
951 2073 1027 2162 quia
1043 2074 1139 2160 tergis
1163 2076 1216 2137 ab·

147 2179 303 2259 stinctur,
327 2194 358 2244 et
378 2178 443 2244 huc
465 2177 512 2243 ire
533 2178 609 2246 licet
631 2194 726 2270 atque
748 2179 847 2264 illuc,
869 2203 1000 2245 munere
1022 2179 1138 2245 ditium
1161 2180 1218 2245 do-

147 2285 308 2359 minorum
323 2285 343 2351 ⁷.
397 2345 399 2348 ,

157 2418 164 2446 1
188 2393 223 2469 ,V
226 2393 250 2456 I.
276 2392 384 2485 Atque
399 2393 480 2460 baec
501 2395 612 2462 eadem
635 2419 701 2462 non
726 2410 802 2463 sunt
821 2395 1048 2486 agrestibus⁸;
1070 2393 1126 2459 sed
1148 2412 1216 2464 ea'e·

102 2592 105 2598 ·
166 2595 178 2630 1
214 2574 341 2648 Quando
365 2595 511 2651 praesens
537 2588 583 2634 est
598 2596 664 2634 cum
702 2580 906 2652 ignorantiam
924 2596 974 2633 ree
992 2578 1088 2631 minus
1106 2594 1216 2649 proce-

143 2654 270 2723 impert'o
302 2660 331 2706 et
353 2655 508 2719 exercitu,
528 2662 598 2710 tunc
625 2659 664 2713 tt.
701 2655 765 2721 dit,
787 2672 877 2733 quam
899 2675 919 2706 a
942 2652 1025 2708 vobis
1045 2651 1217 2717 contendo,

147 2735 235 2781 ment.
701 2750 805 2805 nempe
826 2740 858 2785 ut
878 2747 930 2784 vos
948 2727 1103 2783 vindicetis
1120 2747 1141 2783 a
1160 2726 1216 2782 do·

164 2819 181 2855 2
204 2802 279 2858 Illos
299 2801 447 2870 vindices,
472 2809 525 2881 qui
544 2815 588 2860 tot
607 2827 662 2862 nu·
699 2810 864 2862 minatione
880 2821 1055 2878 paucorum.

144 2895 227 2932 mero
249 2881 307 2933 viri
324 2889 409 2944 sunt,
429 2899 489 2934 non
505 2881 600 2954 pudet
616 2887 661 2938 ni·
718 2883 789 2939 6Ut
796 2881 961 2956 paullulum
970 2881 1064 2956 quieti
1073 2897 1136 2934 esse
1144 2895 1217 2953 pos·

142 2952 189 3008 bil
204 2972 294 3026 posse
313 2957 379 3009 sine
398 2975 458 3011 uno
481 2957 642 3031 Pompejor
698 2961 780 3022 sitis,
801 2959 902 3013 ommia
921 2955 1100 3012 deseruistis.

163 3025 182 3082 3
205 3029 324 3084 Tollere
344 3032 497 3106 injuriam,
514 3051 575 3106 qua
586 3033 662 3106 adfl-
749 3033 874 3089 Ditiores
884 3031 992 3087 domini
1008 3029 1107 3106 plures
1119 3043 1217 3086 servos

144 3105 228 3158 ciunt
243 3105 370 3178 plebem.
700 3052 831 3176 alebant,
851 3120 879 3163 et
895 3109 925 3163 in
944 3104 1127 3161 multitudine
1146 3123 1216 3179 pec-

128 3205 129 3208 *
162 3177 261 3248 leec
280 3182 411 3237 Macrum
430 3181 527 3240 fefellit
547 3184 659 3260 opinio:
700 3197 796 3242 centes
815 3183 910 3240 faciles
922 3180 1000 3258 opud
1012 3179 1161 3235 dominum
1172 3177 1216 3233 ln·

144 3273 213 3308 rtem
220 3255 374 3330 Pompejus
382 3277 418 3312 ex
424 3258 562 3334 Hispania
573 3261 663 3316 victor
700 3262 816 3328 tebant3
836 3258 904 3314 bino
915 3271 943 3314 et
954 3257 1041 3332 tergis
1053 3255 1217 3312 abstineba-

144 3327 268 3384 Romam
290 3349 440 3398 reversus,
467 3346 568 3389 auctor
587 3334 662 3403 suit,
701 3348 765 3404 tur,
786 3347 814 3391 et
832 3333 890 3389 buc
908 3333 978 3389 illuc
997 3335 1038 3388 ire
1058 3331 1173 3389 licebat.

143 3415 178 3460 ut
197 3403 321 3460 tribunis
346 3405 439 3480 plebis
460 3409 578 3482 antiqua
597 3411 662 3483 jura
720 3416 736 3466 8
758 3410 842 3466 Plebs
866 3414 979 3466 rustica
1006 3408 1130 3464 durioris
1156 3416 1219 3462 erat

143 3479 382 3548 restituerentur,
403 3481 576 3558 suffragante
588 3485 661 3540 Cae·
701 3485 882 3554 conditionis,
903 3505 990 3560 quem
1009 3484 1144 3539 urbana:
1166 3480 1217 3536 de-

145 3575 219 3624 sare,
241 3555 291 3630 qui
311 3555 456 3631 populum
475 3559 598 3614 maxime
617 3560 661 3614 fo·
699 3560 822 3620 lectibus
849 3561 1024 3628 vexabatur,
1053 3557 1128 3632 agris
1157 3556 1216 3621 suis
1284 3584 1287 3599 ·

143 3630 247 3699 vebat,
260 3645 292 3688 ut
303 3634 365 3706 ejus
385 3652 440 3708 ope
460 3634 515 3690 sibi
531 3635 607 3692 viam
627 3635 665 3691 sd
701 3637 882 3713 pellebatur,
902 3649 951 3692 aut
977 3654 1043 3692 cum
1063 3630 1216 3690 seditiones

143 3706 341 3784 principatum
351 3719 498 3779 sterneret,
510 3730 585 3766 anno
596 3711 662 3781 683,
701 3725 730 3769 et
760 3713 855 3774 civiles
892 3711 993 3768 turbae
1025 3719 1216 3777 exarserant,

145 3784 202 3840 Gn.
216 3784 353 3860 Pompejo
366 3796 394 3839 et
404 3784 443 3841 Μ.
454 3786 563 3841 Licinio
576 3787 662 3842 Cras·
700 3802 789 3865 prout
824 3787 959 3846 adversae
995 3786 1071 3862 parti
1102 3783 1215 3840 addicta

145 3877 178 3916 so
201 3858 281 3918 Coss.
299 3893 337 3903 -
358 3859 433 3917 Vide
452 3862 664 3936 compendium
702 3866 811 3934 fuerat,
828 3863 1015 3928 caedebatur,
1026 3859 1148 3936 ideoque
1160 3879 1215 3918 nec

144 3937 329 3992 Historicum
347 3957 413 4013 pag.
430 3935 522 4006 1841.
539 3959 549 3994 1
564 3951 662 4014 etseq.
701 3953 798 4015 terga,
817 3959 872 4000 nec
890 3939 979 4004 vitam
1003 3938 1097 4015 ipsam
1123 3936 1213 4001 liber.a

163 4007 183 4073 5
201 4008 281 4071 Idest
292 4010 442 4098 claudicat.
455 4015 663 4093 Nonpropter
699 4014 837 4098 habebat
