2888 4748
423 312 612 386 BELLUM
636 311 973 384 JUGURTHINUM
1167 316 1230 406 1l9
1335 417 1339 428 ,

168 468 218 538 nit
238 466 272 536 in
294 471 401 537 locum
421 473 622 546 tumulosum
638 477 667 551 ἰ,
689 469 728 534 ab
754 470 859 558 Capsa
881 492 945 534 non
970 459 1232 558 ampliusduum

169 581 306 645 millium
321 580 505 645 intervallo:
521 578 645 667 ibique,
661 600 757 665 quam
773 577 997 642 occultissume
1018 589 1141 665 potest,
1157 597 1231 640 cnm

169 689 316 752 omnibu-s
332 688 433 776 copiis
450 687 621 776 opperitus
641 684 704 749 Sed
724 684 781 749 ubi
802 681 869 748 dies
886 684 1006 773 coepit,
1028 697 1059 747 et
1074 683 1233 754 Numidae

168 794 251 860 nihil
267 792 381 859 hostile
396 808 572 858 metuentes
587 792 680 857 multi
695 790 811 881 oppido
821 790 1091 880 egressi31epente
1107 811 1233 854 omnem

169 903 356 990 equitatum,
366 917 397 966 et
412 924 485 965 cum
500 901 550 966 his
565 900 781 967 velocissimos
797 891 924 988 pedites'
935 922 1032 962 cnrsu
1048 897 1177 976 tendere
1193 896 1234 964 ad

171 1009 325 1098 Capsam,
341 1024 371 1072 et
386 1023 492 1097 portas
509 1006 652 1072 obsidere
668 1007 774 1093 jubet:
791 1005 904 1069 deinde
919 1007 989 1095 ipse
1004 1007 1145 1076 intentus
1161 1028 1232 1095 pro·
1308 1000 1314 1023 ²

169 1139 245 1204 pere
262 1115 369 1202 sequi,
392 1137 495 1202 neque
514 1115 629 1178 milites
648 1113 795 1203 praedari
815 1113 926 1177 sinere.
952 1115 1043 1195 Quae
1064 1126 1234 1202 postquam

171 1221 325 1310 oppidani
340 1244 531 1310 cognorere3
554 1244 604 1285 res
627 1221 768 1309 trepidae
784 1232 812 1300 ¹,
835 1235 938 1285 metus
962 1205 1091 1308 ingens,
1114 1219 1235 1286 malum

171 1329 386 1417 inprovisum,
402 1328 518 1393 adhoc
533 1350 607 1418 pars
631 1327 750 1393 civium
773 1343 860 1392 extra
883 1328 1010 1392 moenia
1035 1328 1068 1390 in
1092 1328 1233 1393 hostium

133 1518 138 1522 .
170 1450 344 1523 potestate,
358 1459 504 1525 coegere,
523 1436 571 1500 uti
592 1434 785 1526 deditionem
807 1434 954 1501 facerent.
974 1435 1123 1499 Ceterum
1145 1436 1239 1524 oppi-,

168 1542 247 1606 dum
263 1542 446 1608 incensum:
463 1542 620 1608 Numidae
635 1543 771 1632 puberes
787 1541 964 1606 interfecti:
987 1542 1042 1605 alii
1058 1565 1167 1606 omnes
1183 1566 1234 1609 vc·
1290 1554 1293 1560 '

169 1649 358 1714 numdati³:
382 1650 498 1739 praeda
522 1650 677 1713 militibus
700 1648 809 1724 divisa.
835 1648 878 1712 ld·
896 1648 1022 1713 facinus
1046 1664 1158 1712 contra
1181 1641 1234 1732 jus

169 1756 247 1820 belli
262 1771 291 1837 ⁴,
308 1781 370 1821 non
388 1757 519 1846 avaritia
541 1779 643 1846 neque
665 1756 782 1820 scelere
804 1754 945 1819 consulis
969 1755 1163 1833 admissum3
1180 1755 1237 1821 sed

168 1866 248 1952 quia
262 1866 351 1928 locus
366 1865 387 1926 J
391 1863 544 1952 ugurthae
566 1863 779 1951 obportunns,
796 1860 888 1924 nobis
904 1860 991 1924 aditu
1008 1860 1167 1927 difficilis:
1183 1885 1235 1951 ge·-

171 1995 234 2034 nus
250 1971 415 2034 hominnm
430 1970 558 2050 mobile,
574 1968 725 2050 infidum,
742 1983 813 2034 ante
829 1991 933 2058 neque
948 1967 1116 2049 beneficio,
1132 1992 1236 2058 neque

172 2092 259 2156 metu
276 2079 456 2142 coercitum.

218 2183 358 2250 XCVII.
377 2187 549 2275 Postquam
564 2202 684 2253 tantam
705 2213 772 2254 rem
793 2189 916 2256 Marius
937 2189 1005 2255 sine
1021 2192 1086 2255 nllo
1103 2210 1236 2255 suornm
1317 2198 1320 2204 ’

171 2290 372 2355 incommodo
389 2297 544 2381 patravit,
559 2318 692 2385 magnus
716 2312 747 2361 et
763 2298 866 2362 clarus
882 2313 994 2378 antea,
1016 2300 1118 2380 major
1140 2310 1236 2383 atque

171 2398 287 2462 clarior
308 2398 418 2463 haberi
440 2403 564 2491 coepit:
582 2404 688 2466 omnia
710 2426 774 2467 non
796 2405 877 2468 bene
900 2405 1046 2469 consulta
1062 2419 1076 2454 ⁵
1088 2404 1121 2466 in
1137 2404 1236 2469 virtut

171 2519 235 2568 tem
251 2505 464 2571 trahebantur.
482 2509 601 2573 Milites
618 2496 763 2574 modesto
783 2511 916 2600 imperio
939 2511 1061 2589 habiti,
1086 2508 1182 2573 simul
1205 2496 1236 2572 et

170 2611 361 2701 locupletes,
386 2614 426 2678 ad
449 2604 573 2679 caeluni
592 2616 690 2693 ferre:
707 2617 881 2698 Numidae,
903 2619 1021 2706 magis,
1042 2638 1138 2704 quam
1153 2624 1237 2678 m'or·

86 2755 89 2760 -
170 2719 283 2799 talem,
299 2720 425 2784 timere:
441 2739 601 2812 postremo
625 2747 734 2789 omnes
759 2725 838 2790 socii
858 2739 952 2812 atque
974 2723 1081 2788 hostes
1104 2723 1237 2796 ,credere

170 2824 221 2888 illi
245 2841 300 2890 aut
323 2823 460 2892 mentem
483 2830 624 2896 divinam
652 2855 741 2912 esse,
765 2847 821 2896 ant
844 2832 989 2896 Deorum
1012 2846 1093 2896 nutu
1121 2845 1237 2895 cuncta

171 2923 327 3021 portendi.
347 2934 410 3000 Sed
433 2937 559 3017 consul,
577 2938 631 3001 ubi
656 2960 693 3001 ea
716 2960 765 3001 res
789 2938 870 3001 bene
893 2937 1015 3017 evenit,
1031 2937 1072 3000 ad
1094 2937 1156 3000 alia
1181 2960 1236 3024 op·

171 3038 246 3126 pide
270 3043 391 3129 pergit:
416 3067 537 3132 pauca,
560 3043 811 3133 repugnantibus
827 3044 992 3123 Numidis,
1008 3044 1109 3133 capit:
1126 3043 1237 3132 plura,

172 3143 295 3230 deserta
309 3164 439 3237 propter
457 3152 667 3240 Capsensium
683 3151 826 3219 miserias
840 3153 868 3232 ⁶,
887 3152 955 3243 igni
978 3151 1172 3241 corrumpit:
1188 3149 1238 3215 lu·

194 3421 204 3456 r
228 3401 285 3456 Ubi
302 3401 405 3457 tumuli
421 3403 481 3478 ple
494 3424 519 3460 ss
536 3418 625 3463 erant,
721 3418 765 3465 ter
804 3405 915 3477 revisa,
938 3408 987 3466 sed
998 3419 1026 3466 et
1037 3430 1069 3466 ea
1082 3429 1156 3484 quae
1168 3427 1238 3465 casu

191 3495 206 3531 2
229 3478 340 3533 Statum
371 3480 536 3554 trepidum,
567 3482 597 3534 in
625 3501 683 3556 quo
721 3497 749 3539 et
760 3428 890 3540 felicitate
911 3486 1035 3559 quadam
1055 3485 1236 3552 acciderant,

171 3551 242 3628 qnid
263 3552 372 3609 consilii
400 3555 570 3630 capiendum
590 3557 682 3614 incer·
720 3562 825 3617 virtute
835 3560 1010 3636 consilioque
1019 3573 1096 3636 gesta
1105 3579 1165 3616 esse
1175 3579 1237 3616 cre·

169 3642 233 3686 tum
254 3641 306 3684 est.
723 3634 882 3694 debentur.¹

188 3703 206 3760 3
228 3704 298 3760 Belli
309 3708 372 3779 jure
383 3706 459 3782 capti
470 3709 524 3765 sub
534 3707 616 3765 hasta
635 3729 682 3767 co·
739 3713 758 3768 6
778 3711 947 3787 Pervulgata
958 3713 1034 3768 enim
1045 3711 1118 3766 fama
1129 3711 1165 3768 de
1178 3709 1240 3767 cla-

170 3797 241 3836 rona
252 3781 345 3838 induti
357 3784 500 3841 venibant.
722 3788 756 3843 dc
769 3788 974 3863 Capsensium,
994 3787 1059 3843 licet
1071 3807 1099 3842 se
1112 3807 1140 3844 sc
1156 3787 1236 3843 dedi·

188 3852 207 3924 4
228 3857 313 3924 Quod
332 3860 365 3915 iis
383 3861 434 3936 qui
451 3860 560 3918 dedunt
571 3879 684 3932 manus,
722 3863 827 3920 dissent
838 3863 939 3933 Mario,
958 3864 1057 3921 eadem
1077 3876 1235 3933 metuentes

168 3949 287 4024 pprcere
306 3936 394 4008 jubet.
720 3939 824 4021 populi
844 3939 951 4022 oppida
969 3939 1155 4022 reliquerant

187 4025 205 4061 o
218 4007 243 4064 N
246 4027 283 4066 ou
293 4010 384 4073 solum
393 4034 468 4093 quae
477 4025 559 4076 erant
570 4013 683 4095 sopieuff
