2888 4748
507 415 916 572 1111101111

444 700 523 776 AD
565 701 607 778 C.
650 692 987 775 CAESAREM

568 894 620 950 DE
638 893 854 951 REPUBLICA

583 1054 587 1062 ·
624 1082 809 1130 orontium

233 1319 258 1384 Ι.
284 1274 369 1384 Pso
384 1340 459 1385 vero
474 1331 566 1383 antea
588 1317 767 1398 obtinebat,
787 1338 883 1406 regns
906 1329 1001 1406 utque
1015 1315 1166 1408 imperia,
1181 1319 1244 1384 ior-

187 1441 297 1493 tunam
313 1427 397 1491 dono
419 1424 511 1506 dare,
533 1426 610 1490 item
632 1426 712 1504 alia,
737 1447 818 1513 quae
840 1447 898 1514 per
920 1424 1061 1492 mortalis
1083 1426 1174 1491 avide
1190 1450 1243 1491 eu·

186 1535 339 1623 piuntur:
356 1533 432 1624 quia
454 1547 485 1598 et
508 1533 594 1622 apud
609 1531 756 1620 indignos
773 1554 865 1620 saepe
886 1545 992 1611 erant,
1012 1531 1103 1620 quasi
1125 1556 1183 1621 per
1196 1533 1247 1596 lu-

185 1641 326 1707 bidinem
348 1641 421 1706 deta
438 1662 581 1728 ineque
611 1638 762 1728 cuiquem
788 1639 973 1728 incorrupte
995 1653 1244 1729 permanserant,

188 1747 252 1812 Sed
274 1770 324 1812 res
347 1746 457 1811 docuit
479 1746 513 1810 id
534 1767 646 1812 rerum
669 1768 756 1825 esse,
785 1745 872 1832 quod
901 1744 936 1808 in
959 1745 1154 1820 earminibus
1178 1743 1246 1835 Ap-

183 1854 258 1944 pius
282 1853 325 1918 ait
340 1864 368 1916 ¹:
392 1853 530 1915 Febrem
553 1875 620 1914 esse
636 1875 713 1914 suae
729 1874 883 1937 quemque
899 1853 1074 1932 fortunae:
1094 1866 1189 1938 etque
1209 1853 1244 1915 in
1274 1935 1277 1942 Ι

185 1973 218 2024 te
241 1980 403 2038 maxume,
427 1957 484 2046 qui
506 1970 631 2022 tentum
653 1955 733 2020 elios
755 1970 1006 2046 praetergressus
1016 1960 1077 2038 ἦ11,
1091 1957 1140 2023 uti
1155 1957 1256 2046 prius·

185 2065 299 2129 defessi
323 2065 387 2128 sint
409 2061 554 2138 homines
577 2061 739 2127 laudando
762 2060 845 2127 faeta
867 2077 945 2142 tua,
972 2085 1068 2152 quam
1089 2077 1126 2128 tu
1148 2062 1245 2128 laude

158 2180 160 2188 '
185 2171 282 2260 digna
304 2169 461 2236 faciundo.
481 2169 650 2234 Caeterum
672 2170 720 2234 uti
744 2167 913 2249 fabricata,
936 2168 982 2234 sic
1005 2168 1122 2237 virtute
1137 2183 1244 2259 perte,

186 2299 284 2367 quam
307 2300 419 2367 magna
443 2275 600 2341 industrie
614 2273 724 2340 haberi
739 2276 846 2356 decet,
861 2298 902 2340 ne
924 2275 1048 2341 incuria
1070 2274 1245 2343 deformen-

185 2397 239 2449 tur
271 2399 326 2450 aut
358 2397 514 2448 conruent
537 2381 703 2460 infirmata,
727 2383 827 2446 Nemo
851 2382 938 2446 enim
961 2381 1050 2446 alteri
1073 2381 1246 2470 imperium

185 2491 296 2558 volens
319 2489 481 2555 coneedit:
506 2503 538 2554 et
560 2488 705 2579 quamvis
727 2489 832 2554 bonus
847 2504 942 2578 utque
957 2488 1094 2582 clemens
1117 2491 1172 2569 sit,
1188 2490 1247 2577 qui

185 2599 264 2687 plus
283 2611 404 2686 potest:
428 2610 551 2676 tamen,
575 2596 650 2684 quia
673 2597 756 2660 mulo
780 2618 848 2660 esse
870 2595 964 2674 lieet,
986 2594 1180 2660 formidatur.
1205 2595 1248 2661 111

185 2704 309 2785 evenit,
333 2703 409 2792 quia
430 2703 575 2792 plerique
598 2725 705 2766 rerum
727 2717 871 2793 potentes
886 2725 1033 2790 perverse
1056 2702 1246 2784 consulunt,

184 2826 218 2876 et
240 2834 278 2875 eo
302 2834 335 2874 se
358 2809 544 2876 munitiores
571 2822 708 2898 putent,
731 2833 795 2899 quo
822 2809 871 2872 illi
899 2809 1016 2898 quibus
1043 2809 1246 2900 imperitant,

185 2917 354 3008 nequiores
378 2916 475 2980 fuere.

231 3024 273 3088 ΙΙ.
299 3022 344 3088 At
374 3036 483 3088 eontra
512 3019 547 3086 id
582 3020 659 3088 eniti
686 3023 799 3103 decet,
826 3045 900 3087 oum
928 3022 996 3116 ipse
1018 3022 1121 3089 honus
1150 3037 1245 3111 atque

185 3144 333 3195 strenuus
356 3129 419 3210 sis,
442 3128 490 3196 uti
514 3152 609 3220 quam
633 3116 771 3218 optumis
794 3128 963 3217 imperites.
980 3129 1061 3193 Nam
1075 3153 1244 3219 pessumus
1337 3142 1351 3163 “

185 3235 322 3325 quisque
344 3237 515 3324 asperrime
537 3251 691 3300 rectorem
714 3237 842 3325 patitur.
861 3235 924 3300 Sed
947 3237 1005 3299 tihi
1029 3236 1091 3302 hoe
1115 3238 1243 3326 gravius

184 3356 251 3422 est,
274 3364 370 3431 quam
393 3356 465 3406 ente
487 3355 519 3406 te
541 3342 707 3424 omnibus,
732 3342 827 3406 armis
851 3357 941 3432 parta
958 3365 1155 3432 componere,
1172 3343 1242 3408 Bel·
1310 3428 1314 3433 θ

183 3450 250 3518 lum
274 3448 407 3512 aliorum
429 3469 508 3535 paee
531 3447 658 3515 mollius
681 3449 824 3536 gessisti:
847 3449 887 3514 ad
909 3449 971 3514 hoo
994 3451 1128 3516 victores
1151 3473 1243 3538 prae·

183 3552 262 3620 dam'
279 3567 408 3642 petunt,
430 3553 506 3619 vieti
530 3553 614 3620 eires
638 3569 720 3619 sunt.
746 3555 833 3619 luter
855 3555 912 3618 hos
941 3554 1143 3619 difficultates
1171 3579 1243 3635 eva:

183 3660 323 3731 (lendum
347 3660 486 3742 esttibi,
509 3660 660 3749 etqueiu
684 3658 846 3751 posterum
870 3658 1024 3724 firmanda
1048 3662 1241 3750 Respublica

182 3789 247 3834 non
270 3767 364 3833 ermis
387 3765 480 3832 modo
508 3767 674 3836 adversum
695 3767 822 3848 hostes,
846 3767 916 3848 sed,
939 3767 1025 3857 quod
1047 3768 1148 3834 multo
1173 3790 1239 3836 ma·

204 4010 215 4053 1
238 3991 330 4072 Hujus
346 3991 433 4071 Appii
449 3994 574 4061 earmina
591 3992 689 4056 laudat
709 3994 818 4057 Cicero.
832 4027 870 4040 -
883 3993 997 4052 Tuscul.
1009 3993 1058 4052 ltt.
1070 3991 1097 4066 4.
