2888 4748
450 100 508 153 ,q

407 352 414 376 x
501 333 565 400 sn
593 330 903 400 caussinum
1185 358 1263 424 279-
1286 274 1303 291 ⁹

184 474 334 553 dominns
350 482 473 550 cunctis
489 483 637 573 gentibus
658 482 877 573 imperitabat,
895 479 1039 570 dilapsus
1059 495 1124 545 est:
1145 495 1177 546 et
1192 506 1252 570 pro

163 573 167 584 ι
185 592 348 659 communi
363 591 669 683 imperio,privatim
684 577 745 656 sibi
762 591 900 680 quisque
915 587 1100 658 servitutem
1116 589 1251 677 peperit.

182 703 271 767 Haec
285 701 385 790 igitur
394 697 566 763 multitudo
581 699 723 788 primum
738 698 829 763 malis
845 695 988 761 moribus
1003 695 1127 774 inbuta,
1136 695 1252 761 deinde

182 807 218 872 in
234 823 317 874 artes
340 807 488 894 vitasque
509 805 613 870 varias
629 805 797 900 dispalata,
812 804 902 869 nullo
918 800 1012 868 modo
1028 802 1112 866 inter
1123 825 1160 866 rse
1176 807 1250 867 'con-
1335 842 1337 847 ·

115 949 121 958 ·
181 936 312 1002 gruens,
326 935 444 1009 parum
457 911 538 976 mihi
553 911 682 1002 quidem
697 912 811 978 idonea
825 911 952 979 videtur
967 909 1008 975 ad
1022 908 1250 998 capessendam

183 1011 439 1112 Rempublicam.
662 1099 666 1107 Ι
699 1092 701 1097 ,
882 1039 885 1044 ·

226 1128 305 1194 VII.
332 1124 500 1206 Ceterum,
514 1124 630 1192 additis
646 1127 736 1193 novis
757 1124 897 1206 civibus,
918 1148 1032 1214 magna
1051 1147 1102 1190 me
1118 1146 1190 1215 spes
1205 1137 1265 1187 tc--
1318 1126 1323 1136 '

182 1249 252 1314 net,
274 1232 358 1312 fore,
381 1247 548 1320 utomnes
569 1235 829 1323 expergiscantur
850 1233 891 1298 ad
913 1233 1107 1298 libertatem:
1130 1230 1251 1319 quippe

182 1361 256 1405 cum
272 1339 337 1404 illis
352 1340 507 1406 libertatis
522 1340 717 1422 retinendae,
731 1355 801 1405 tum
815 1340 866 1404 his
882 1340 1044 1406 servitutis
1060 1335 1252 1403 amittendae

182 1469 261 1511 cura
278 1448 407 1515 orietur.
425 1449 493 1513 Hos
509 1471 567 1536 ego
590 1471 721 1529 censeo,
740 1448 909 1539 permistos
930 1470 1005 1512 cum
1018 1445 1179 1512 veteribus
1195 1465 1263 1509 κιο-ε

182 1577 255 1635 vos,
271 1555 305 1618 in
327 1554 461 1620 coloniis
483 1554 678 1621 constituas:
703 1557 747 1621 ita
770 1570 802 1620 et
823 1577 874 1620 res
899 1541 1047 1619 militaris
1069 1550 1262 1642 opulentior.

182 1660 263 1741 erit,
285 1676 316 1727 ct
337 1663 446 1752 plebes
467 1660 560 1727 bouis
576 1663 712 1752 negotiis
728 1662 870 1751 inpedita
885 1663 1005 1727 malum
1023 1660 1191 1750 publicum
1206 1656 1252 1721 fa·

182 1789 254 1831 cere
264 1767 407 1857 desinet,
421 1768 486 1833 Sed
507 1771 573 1832 non
592 1769 715 1836 inscius
741 1792 846 1858 neque
867 1768 1045 1858 inprudens
1068 1789 1154 1845 sum,
1176 1787 1259 1829 cum.

182 1896 220 1938 ea
235 1865 427 1962 rcs'agetur,
445 1896 527 1961 quae
543 1873 674 1940 saevitia
695 1894 840 1963 quaeque
863 1887 1065 1963 tempestates
1083 1871 1260 1935 bominum:

182 1980 343 2063 nobilium
359 1980 486 2045 suturae
501 1979 583 2057 sint3
606 2003 680 2045 cum
701 1980 954 2069 indignabuntur
975 1977 1083 2044 omnia
1104 1975 1251 2042 funditus

182 2087 327 2167 misceri,
343 2086 483 2174 antiquis
503 2086 628 2153 civibus
650 2087 735 2152 hanc
756 2088 941 2156 servitutem
964 2086 1096 2176 inponi,
1117 2105 1255 2173 regnum

183 2191 323 2283 denique
339 2216 376 2257 ex
391 2192 492 2257 libera
507 2193 635 2259 civitate
649 2193 810 2275 futurum,
833 2193 891 2260 uhi
912 2194 1009 2260 unius
1025 2213 1156 2257 munere
1170 2189 1258 2255 mul-;
1302 2181 1306 2197 i

182 2300 287 2364 titudo
303 2301 414 2388 ingens
431 2301 465 2364 in
481 2299 642 2367 civitatem
656 2300 1014 2390 pervenerit-Equidem
1029 2322 1087 2387 ego
1103 2298 1150 2364 sio
1165 2297 1264 2387 apud<
1349 2359 1351 2364 .

184 2408 327 2472 animum
342 2430 449 2497 meum
465 2422 586 2488 statuo,
601 2406 722 2472 malum
737 2407 862 2472 facinus
885 2407 920 2470 in
945 2430 978 2471 se
1001 2406 1178 2483 admittere,
1195 2404 1252 2493 qui
1302 2433 1335 2455 v·-

183 2500 385 2577 incommodo
402 2514 612 2603 Reipublicae
635 2515 768 2603 gratiam
791 2513 852 2580 sibi
876 2512 1032 2578 conciliet.
1049 2511 1117 2577 Ubi
1131 2512 1253 2576 bonum

183 2618 350 2710 publicum
366 2620 461 2684 etiam
476 2621 626 2711 privatim
642 2622 716 2686 usui
731 2636 779 2686 est
788 2651 797 2700 3
813 2621 848 2685 id
861 2644 937 2687 vero
948 2618 1093 2684 dubitare
1109 2615 1257 2706 adgredi,

185 2727 350 2791 socordiae
374 2741 470 2816 atque
491 2727 637 2817 ignaviae
665 2728 757 2792 duco.
782 2726 946 2815 M..Livio
969 2727 1104 2800 Druso‘
1128 2747 1258 2813 semper

185 2829 355 2898 consilium
370 2827 447 2914 fuir,
463 2835 496 2897 in
514 2833 680 2900 tribunatu
696 2857 819 2900 summa
836 2857 896 2925 ope
912 2834 971 2898 niti
987 2857 1045 2922 pro
1066 2814 1252 2898 nobilitate:

184 2964 289 3029 neque
304 2941 403 3006 ullam
419 2964 487 3006 rem
501 2941 535 3006 in
550 2941 711 3031 principio
727 2965 819 3033 agere
833 2940 986 3023 intendit,
1001 2940 1064 3005 nisi
1079 2939 1128 3003 illi
1145 2952 1252 3005 aucto·

207 3141 218 3175 r
242 3121 376 3197 Graviter
399 3121 530 3180 ferebant
552 3137 698 3183 senatores
735 3135 793 3182 tate
810 3123 996 3182 donarentur.
1011 3120 1067 3179 Sed
1090 3122 1257 3198 optimates.

184 3195 238 3251 sibi
249 3194 311 3270 lege
327 3197 443 3253 Aurelia
461 3199 590 3256 ablatum
607 3200 698 3277 privi·
737 3219 804 3255 cum
825 3199 979 3274 impetrare
991 3197 1195 3271 nequivissent,
1219 3208 1253 3252 ut

182 3270 289 3346 legium
301 3291 317 3326 a
330 3271 408 3326 Sulla
425 3292 602 3343 eoncessum,
614 3288 647 3330 ut
664 3294 699 3331 ex
737 3273 829 3348 legem
840 3273 875 3329 de
893 3273 1006 3348 judiciis
1026 3271 1176 3347 sejunctim
1195 3271 1252 3326 fer·

183 3344 390 3403 eorumordine
398 3348 507 3421 judices
516 3348 699 3424 eligerentur,
738 3362 887 3414 ret,-.eum
909 3369 945 3404 ex
974 3347 1083 3405 insidiis
1103 3346 1252 3405 sustulere.

183 3421 307 3494 ideoque
326 3421 416 3477 multa
436 3423 598 3501 pollicendo
618 3424 655 3480 Μ.
668 3425 698 3481 L.
741 3425 813 3479 Cum
842 3424 975 3480 ultimum
995 3423 1136 3481 redderet
1161 3426 1252 3495 spiri·

184 3498 315 3553 Drusum
326 3497 477 3554 tribunum
493 3497 586 3586 plebis
603 3496 696 3556 addu·
734 3509 820 3566 tum,
853 3504 971 3558 intuens
1000 3500 1253 3556 circumstantium

185 3592 269 3641 xere,
283 3586 316 3629 ut
326 3571 389 3649 lege
407 3573 525 3630 Aurelio
542 3575 695 3651 abrogata,
733 3580 986 3655 moerentiumque
1017 3576 1251 3650 frequentiam,

186 3648 282 3707 Sullae
299 3646 391 3724 legem
408 3650 577 3710 restitueret.
594 3651 699 3709 Assen-
738 3653 848 3726 effudit
878 3670 979 3708 vocem
1007 3651 1252 3709 convenientissi-

186 3737 261 3780 serat
272 3724 319 3780 ille
331 3725 385 3781 hac
396 3725 567 3796 conditione,
580 3738 614 3782 ut
624 3747 699 3804 pau·
738 3747 815 3783 mam
843 3729 1044 3784 eonscientiae
1074 3743 1174 3788 suen.-
1202 3742 1251 3778 ec-

186 3800 314 3874 periores
326 3821 341 3856 e
352 3800 478 3877 plebeio
495 3801 621 3858 colonias
633 3803 699 3859 mit·
739 3802 873 3879 quando,
881 3803 988 3878 inquit,
997 3803 1164 3877 propinqui
1176 3801 1251 3867 ami7

188 3886 326 3949 terentur,
336 3877 397 3953 agri
406 3890 433 3936 et
443 3877 591 3947 frumenta·
602 3877 697 3935 distri·
736 3883 823 3954 cique
840 3879 964 3935 similem
979 3881 1037 3933 mei
1055 3878 1147 3932 civem
1159 3873 1251 3944 liabe-¹

188 3949 348 4036 huerentur
364 3954 490 4031 populo,
508 3965 595 4028 atque
611 3954 699 4010 urbes
736 3953 779 4009 bit
788 3953 984 4032 Respublica!
995 3949 1113 4018 *Veli
1124 3947 1182 4009 Pet.
1193 3947 1211 4006 l.
1222 3966 1251 4022 2,

188 4023 287 4085 ltaliae
308 4025 503 4090 Rornanorum
520 4030 612 4090 sociae
629 4029 698 4093 citi·
736 4049 759 4089 c·
774 4028 817 4103 14.
831 4062 836 4072 r
958 4039 959 4042 ’
