2888 4748
254 341 299 432 ,a
543 342 579 407 c.
606 340 1027 408 cnrse1samusrn
1056 362 1060 369 ·

250 492 327 557 belli
341 492 429 557 haud
443 491 591 580 ignarus,
606 492 819 558 firmissumus
835 509 946 558 contra
960 484 1103 582 pericula
1127 506 1160 556 et
1181 486 1327 562 insidias

254 598 319 663 Sed
342 599 483 687 legiones
505 625 563 690 per
579 599 706 664 ltaliam
722 601 883 690 Rhegium
898 612 928 683 ¹,
943 615 1038 690 atque
1061 599 1138 664 inde
1161 599 1326 685 Siciliam,

251 730 349 796 porro
363 731 401 772 ex
419 708 530 772 Sicilia
545 709 580 771 in
596 706 742 772 Africam
757 723 962 774 transmotae.
985 708 1088 797 Igitur
1107 708 1327 799 Calpurnius,

252 816 344 880 initio
360 815 479 904 paratis
496 815 735 896 commeatibus,
752 817 867 881 aeriter
883 814 1067 880 Numidiam
1083 815 1247 904 ingressus
1263 832 1326 883 est:

251 924 432 1011 multosque
448 920 589 987 mortalis
605 936 637 987 et
652 924 742 988 urbis
757 924 879 1013 aliquot
891 923 1067 1013 pugnando
1083 924 1177 1014 cepit.

297 1030 431 1095 XXXI.
457 1029 521 1093 Sed
542 1031 598 1094 ubi
613 1031 776 1119 Jugurtha
798 1054 856 1121 per
877 1031 998 1118 legatos
1021 1031 1160 1120 pecunia
1181 1046 1325 1112 tentare,

253 1138 412 1225 bellique,
428 1136 515 1226 quod
530 1138 787 1219 administrabat,
804 1138 1006 1228 asperitatem
1021 1137 1187 1202 ostendere
1200 1140 1325 1228 coepit;

253 1247 379 1310 animus
396 1269 488 1333 aeger
504 1246 636 1312 avaritia
650 1245 744 1311 facile
766 1269 938 1311 conversus
960 1261 1015 1310 est
1034 1245 1189 1310 Ceterum
1212 1246 1324 1312 socius

254 1368 286 1418 ct
307 1352 492 1417 administer
513 1354 657 1417 omnium
674 1354 881 1418 consiliorum
897 1353 1076 1417 adsumitur
1086 1354 1249 1418 Scaurus:
1267 1354 1325 1443 qui

252 1462 377 1526 tametsi
398 1484 417 1524 a
435 1461 614 1550 principio,
629 1461 793 1549 plerisque
815 1484 853 1524 ex
876 1459 1013 1525 factione
1034 1464 1126 1543 ejus·
1144 1462 1325 1550 corruptis,

253 1591 417 1633 acerrume
432 1591 538 1656 regem
550 1569 794 1655 inpugnaverat3
812 1582 918 1630 tamen
939 1568 1158 1656 magnitudine
1166 1568 1327 1658 pecunias

254 1700 273 1738 a
292 1676 378 1740 bono
402 1674 600 1763 honestoque
614 1676 648 1737 in
664 1697 800 1763 pravum
817 1675 994 1741 abstractus
1011 1690 1068 1739 est
1082 1675 1147 1740 Sed
1162 1674 1325 1764 Jugurtlta

252 1784 394 1873 primum
416 1782 636 1846 tantummodo
660 1782 736 1846 belli
759 1805 880 1846 moram
902 1783 1101 1864 redimebat,
1129 1783 1324 1847 existumans

254 1914 323 1955 sese
346 1890 469 1978 aliquid
492 1890 619 1954 interim
639 1889 761 1953 Romae
781 1891 884 1978 pretio
912 1904 967 1953 aut
989 1888 1092 1978 'gratia
1113 1890 1323 1954 effecturum:

254 2012 458 2086 postea·vero
483 2021 579 2085 quam
599 1997 787 2086 participem
812 1998 929 2086 negotii
941 1997 1107 2062 'Scaurum
1130 1997 1272 2086 accepit3
1286 1997 1323 2061 in

253 2127 434 2169 maxumam
450 2127 538 2193 spem
555 2103 711 2168 adductus
728 2103 964 2193 recuperandae
987 2106 1096 2194 pacis,
1118 2105 1229 2169 statuit
1249 2126 1323 2169 cum

253 2213 299 2275 eis
315 2212 354 2274 dc
370 2196 517 2276 omnibus
530 2211 733 2299 pactionibus
749 2234 898 2300 praesens
916 2234 1017 2299 agere.
1037 2212 1187 2276 Ceterum
1203 2213 1324 2278 interea

252 2317 327 2383 fidei
344 2341 456 2384 caussa
471 2319 608 2382 mittitur
623 2341 641 2381 a
655 2318 787 2382 consule
805 2319 932 2383 Sextius
948 2334 1097 2407 quaestor
1112 2318 1146 2381 in
1167 2319 1322 2408 oppidum

252 2428 274 2490 J
276 2427 434 2515 ugurthae
440 2429 581 2493 Vaccam
595 2424 617 2488 ³:
633 2431 728 2511 cujus
742 2427 790 2491 rei
806 2427 928 2517 species
944 2443 1012 2492 erat
1025 2426 1168 2518 acceptio
1179 2425 1320 2490 frumen-

253 2533 320 2613 ti⁴,
344 2534 431 2625 quod
448 2535 645 2623 Calpurnius
667 2534 773 2623 palam
794 2534 907 2623 legatis
928 2536 1157 2624 imperaverat:
1171 2533 1324 2622 quoniam

252 2641 423 2705 deditionis
438 2665 526 2705 mora
543 2641 691 2705 induciae
709 2642 917 2729 agitabantur.
935 2643 1039 2732 lgitur
1052 2665 1128 2720 rex,
1143 2642 1193 2706 uti
1208 2641 1324 2706 consti·

250 2762 366 2827 tuerat,
381 2749 414 2811 in
430 2764 533 2813 castra
547 2749 651 2815 venit:
673 2773 710 2814 ae
725 2773 839 2839 pauca,
854 2750 1015 2839 praesenti
1030 2748 1178 2829 consilio,
1193 2748 1322 2811 locutus

251 2853 291 2918 de
312 2854 432 2919 invidia
454 2856 506 2919 sui
527 2854 623 2934 faeti,
644 2871 739 2946 atque
759 2857 808 2921 uti
831 2857 865 2920 in
889 2856 1082 2921 deditionem
1104 2856 1323 2943 acciperetur3

250 2961 374 3049 reliqua
390 2985 464 3026 cum
481 2962 588 3025 Bestia
604 2977 635 3025 et
652 2963 773 3029 Scauro
789 2979 909 3028 secreta
924 2964 1088 3052 transigit:
1103 2960 1177 3025 dein
1193 2974 1321 3049 postero

251 3066 315 3148 die,
330 3069 422 3159 quasi
437 3093 494 3160 per
510 3083 672 3134 saturam⁵
692 3072 856 3136 sententiis
872 3071 1052 3158 exquisitis,
1067 3069 1100 3132 in
1126 3067 1320 3133 deditionem

250 3176 416 3265 accipitur.
434 3177 517 3257 Sed,
533 3177 582 3241 uti
603 3201 661 3267 pro
686 3179 820 3243 consilio
842 3179 1033 3266 imperatum
1054 3164 1141 3256 erat,
1161 3173 1323 3263 elephanti

274 3453 284 3489 t
306 3432 405 3489 Italiae
427 3433 498 3493 urbs
516 3433 547 3491 in
564 3433 659 3491 littore
680 3437 766 3493 Cala·
824 3433 841 3491 5
863 3439 985 3503 Satura,
1005 3433 1147 3492 lanx'erat
1158 3433 1244 3490 variis
1264 3432 1324 3487 sru-

251 3510 339 3568 briae.
804 3513 889 3587 gibus
907 3523 935 3566 et
953 3512 1066 3586 pomis:
1090 3509 1193 3566 deinde
1204 3508 1242 3563 ad
1262 3528 1321 3563 ser-

270 3605 286 3641 a
308 3586 416 3643 Scauri.
805 3608 940 3653 aaronem,
961 3588 1060 3644 habita
1086 3588 1196 3642 ratione
1227 3604 1325 3638 rerum

268 3661 286 3717 3
308 3663 356 3738 Op
378 3662 458 3718 idum
486 3661 596 3736 insigne
626 3663 765 3719 Numida·
803 3663 946 3721 varietatis
959 3676 987 3718 et
997 3663 1149 3731 mixturae,
1161 3660 1273 3717 transiit
1285 3659 1322 3714 si·

249 3758 329 3807 rum,
350 3685 444 3794 (lirum
455 3756 552 3793 rerum
562 3738 708 3795 venalium
720 3753 764 3795 to·
802 3739 967 3814 gnilicatio:
988 3759 1078 3815 quare
1096 3735 1252 3795 sentcntiae
1272 3753 1324 3809 per

250 3816 306 3871 tius
318 3816 406 3892 regni.
801 3826 935 3871 satrtram
944 3816 1126 3882 dicebantur,
1136 3811 1253 3889 quando
1263 3830 1323 3865 uno

267 3889 286 3959 4
306 3891 325 3945 S
348 3892 406 3947 ecie
418 3890 534 3966 quidem
546 3890 764 3947 frumentiacci-
803 3913 836 3947 ro
857 3905 907 3948 atu
928 3892 1019 3949 multa
1036 3890 1122 3949 simul
1133 3887 1324 3966 comprehen-

248 3965 316 4040 pion
337 3967 355 4034 i;
366 3987 397 4023 re
409 3987 477 4024 vera
488 3967 589 4034 obses,
608 3986 645 4023 ue
655 3967 764 4044 Jugur·
803 3912 955 4027 dolantur.

250 4040 298 4096 tha
310 4043 421 4101 umerat
431 4043 469 4098 ad
479 4042 626 4101 consulem
637 4043 687 4098 ire.
