2888 4748
447 545 659 623 EDITOR
685 542 930 620 LECTORI

69 1140 75 1150 ¹
167 1021 246 1135 Ex
260 1061 368 1127 latinis
384 1061 542 1147 operibus,
554 1085 634 1149 quae
648 1061 810 1148 pollicitus
824 1087 906 1141 sum,
921 1060 1063 1126 columen
1077 1062 1214 1148 primum

166 1184 310 1271 explicit.
334 1185 422 1247 Haec
444 1184 571 1269 quidem
593 1184 688 1249 editio
713 1203 776 1247 non
799 1208 842 1248 ex
863 1185 937 1247 aliis
961 1182 1136 1260 translata,
1159 1180 1216 1244 sed

166 1322 263 1372 aucto
286 1306 372 1368 noris
389 1305 600 1390 fragmentis,
621 1329 678 1369 nec
701 1330 764 1369 non
785 1307 911 1390 integris
935 1305 1043 1382 tibris,
1062 1328 1157 1389 opera
1176 1324 1214 1365 ue

167 1426 343 1491 exantlatis
358 1425 520 1490 laboribus
536 1425 647 1512 Angeli
665 1428 735 1490 Mai
756 1427 978 1491 Ambrosianae
1001 1424 1216 1489 Bibliothecae

163 1549 311 1613 Doctoris
332 1546 505 1612 doctissimi
527 1547 867 1633 atqueperuditissimi,
889 1570 997 1611 recens
1024 1546 1153 1610 detectis
1178 1564 1219 1608 ae

166 1673 337 1756 praecipue
353 1669 492 1733 nondum
505 1669 629 1754 publici
641 1670 724 1752 juris
734 1669 856 1755 sactis,
866 1669 973 1753 prodit
987 1669 1020 1731 in
1036 1668 1148 1731 lucem.

213 1791 438 1856 Adnotationes
469 1790 759 1876 illustrationesquc
788 1814 880 1854 rarae
915 1805 1010 1875 atque
1039 1789 1082 1851 acl
1115 1811 1220 1853 reram

166 1923 274 1978 'textus
289 1913 578 1996 interpretationem
594 1910 823 1974 accumulatae.
833 1911 881 1973 Au
895 1911 1117 1975 correctionem
1133 1910 1219 1996 quoel

169 2036 302 2112 attinet,
321 2035 398 2096 satis
420 2047 466 2095 est
485 2032 542 2095 boc
563 2033 664 2118 ipsum
686 2031 828 2096 volumen
841 2032 1002 2118 proferre,
1017 2047 1052 2096 ut
1066 2029 1240 2117 agnoscas,

171 2140 342 2219 editionem
373 2153 432 2216 bae
462 2176 496 2217 re
525 2155 634 2218 ceteris
667 2169 839 2238 praestare.
877 2158 1026 2218 Censores
1054 2169 1221 2240 praeterea

167 2292 333 2340 emunctae
356 2277 442 2338 naris
463 2298 588 2359 operam
607 2273 747 2353 dabunt,
767 2291 803 2338 ut
821 2273 880 2338 tibi
897 2274 1067 2359 probetur:
1085 2275 1220 2360 gratiam
1308 2311 1311 2317 -

168 2398 254 2461 enim
267 2394 429 2481 publicam
443 2394 545 2478 pluris
554 2396 698 2477 facimus
706 2442 715 2471 ,
731 2417 825 2478 quam
841 2409 1018 2478 quaestum,
1033 2417 1103 2456 cum
1118 2409 1218 2459 artem

174 2514 340 2594 diciorum,
355 2514 581 2576 Elaeoiriorum
596 2512 869 2599 Bodouiorumque
885 2538 1097 2579 exerceamus.
1115 2496 1121 2511 ¹

216 2634 329 2699 Adesto
338 2683 347 2713 ,
362 2637 462 2698 amice
480 2637 602 2713 Lector,
617 2635 720 2719 operi,
735 2635 819 2720 quod
834 2636 987 2699 edendum
1004 2661 1067 2700 non
1083 2638 1221 2724 amplius

173 2755 295 2820 cluobus
310 2754 439 2821 dirersis
460 2756 594 2840 <officinis
613 2756 747 2835 curabo,
765 2756 823 2820 set
840 2756 1010 2822 dumtaxat
1029 2759 1088 2822 bae
1109 2784 1130 2823 a
1151 2784 1219 2824 meo

170 2881 297 2941 nomine
320 2876 406 2941 diota
418 2925 429 2958 ,
453 2892 488 2942 ut
513 2876 646 2943 editioni
665 2902 760 2966 quam
779 2881 919 2944 maxime
944 2879 1107 2945 consulam
1119 2928 1129 2958 ,
1150 2881 1220 2944 uni·

168 3023 277 3084 ecque.
298 3000 356 3064 Val
374 3047 381 3062 .
