2888 4748
1219 200 1227 228 s

498 311 562 383 ao
590 309 895 379 carasseon
943 366 948 371 .
989 387 992 392 ,
1092 269 1094 276 ’
1173 311 1237 382 aas

184 467 289 562 patio,
312 478 407 559 quam
429 462 564 558 superba
585 467 718 556 imperia
739 467 921 533 distinuere.
940 459 1099 531 Homines
1114 452 1238 532 nobiles

186 601 259 644 cum
274 578 384 667 paucis
401 572 583 655 senatoriis,
599 599 679 664 quos
701 574 912 640 additamenta
935 571 1081 638 factionis
1104 573 1242 655 habent,

84 729 86 733 -
184 707 404 774 quaecumque
424 682 519 747 libuit
540 683 694 772 probare,
715 680 963 772 reprehendere,
986 679 1171 760 decernere,
1187 703 1242 760 ea,

175 785 233 858 uti
247 791 346 856 libido
361 791 452 869 tulit,
467 788 577 854 fecere.
593 789 717 857 Verum
732 788 806 868 ubi,
827 809 960 853 numero
984 793 1165 852 senatorum
1187 809 1243 851 au·

183 913 254 978 cto,
275 922 333 986 per
353 896 502 962 tabellam
525 895 698 961 sententiae
717 895 885 972 ⁴dicentum
908 915 968 959 nae
990 892 1038 956 illi
1050 892 1243 982 ¹superbiam

186 1001 277 1070 suam
292 1004 467 1083 dimittent,
483 1001 539 1069 ubi
554 1002 594 1068 iis
610 999 821 1069 obediendum
836 1001 913 1080 erit,
933 998 1050 1090 quibus
1065 1014 1157 1065 antea
1172 1023 1244 1065 cru·

184 1111 356 1177 delissumo
369 1110 601 1199 imperitabant.
615 1108 787 1187 Forsitan,
810 1108 1000 1197 imperator,
1021 1099 1169 1196 perlectis
1185 1105 1242 1172 'lit-

184 1217 261 1284 teris
283 1215 462 1297 desideres,
475 1231 584 1305 'quem
606 1237 774 1280 numerum
798 1228 980 1280 senatorum
1005 1211 1076 1278 sieri
1098 1215 1245 1303 placeat';

184 1322 425 1412 quoquomodo
441 1324 468 1386 is
492 1323 526 1387 in
548 1322 647 1388 multa
663 1336 700 1387 et
721 1321 812 1389 varia
833 1319 939 1386 officia
962 1319 1191 1399 distribuetur3
1214 1299 1245 1388 el

186 1422 339 1518 quoniam
355 1429 474 1514 judicia
496 1431 618 1519 primae
640 1427 749 1494 classis
771 1427 923 1493 mittenda
943 1440 1071 1516 putem,
1092 1449 1173 1516 quae
1188 1425 1247 1493 'de-

187 1535 329 1625 scriptio,
339 1536 395 1624 qni
410 1559 561 1601 numerus
576 1537 611 1599 in
625 1541 753 1624 quoque
768 1557 882 1624 genere
896 1533 1024 1600 futurus
1040 1534 1089 1599 sit.
1100 1534 1148 1598 Ea
1163 1533 1243 1598 mibi

186 1643 294 1707 omnia
317 1643 491 1731 generatim
511 1626 689 1709 describere
709 1641 797 1706 haud
819 1639 950 1708 difficile
972 1640 1059 1706 factu
1083 1639 1164 1706 fuit:
1192 1639 1248 1706 se‘d

176 1749 280 1838 ¹prius
294 1749 502 1813 laborandum
517 1749 621 1816 visum
637 1763 683 1813 est
698 1748 737 1812 ‹le
760 1770 883 1812 summa
905 1747 1050 1827 consilii,
1070 1747 1168 1836 idque
1189 1746 1249 1812 tibi

185 1855 388 1944 probandum
402 1846 514 1921 verum
530 1878 606 1920 esse
625 1840 661 1919 Si
673 1838 737 1920 hoe
751 1853 865 1919 itinere
880 1854 928 1919 uti
943 1836 1130 1936 demereris,
1145 1868 1249 1919 cetera

187 1962 222 2025 in
238 1976 367 2048 promtu
383 1950 484 2026 erunt.
781 1945 784 1951 ’

231 2067 308 2134 XV..
325 2067 410 2132 Volo
427 2091 484 2156 ego
500 2066 670 2143 eonsilium
685 2054 1156 2157 meumprudens,marimeque
1169 2066 1249 2133 usui

187 2197 263 2240 esse.
280 2175 362 2241 Nam
377 2174 573 2264 ubicumque
588 2174 647 2238 tibi
662 2197 712 2238 ree
725 2156 878 2263 prospere
893 2172 994 2254 cedet,
1009 2174 1055 2238 ibi
1070 2173 1150 2239 mihi
1163 2168 1250 2246 bona

188 2279 273 2346 fama
287 2281 418 2349 eveniet.
431 2281 501 2346 aed
523 2304 574 2346 me
595 2281 651 2344 illa
668 2281 772 2368 magis
796 2265 913 2370 cupido
938 2294 1078 2359 exercet,
1100 2280 1149 2345 uti
1172 2303 1251 2380 qup-

188 2411 327 2478 cumque
349 2387 493 2453 modoet
517 2371 969 2478 quamprimum-Respublica
991 2386 1167 2470 adjuvetur.
1192 2386 1248 2451 Li-

188 2495 343 2561 bertatem
360 2483 460 2584 gloria
474 2496 628 2560 cariorem
642 2494 860 2583 hahe03'atque
876 2516 933 2582 ego
949 2507 980 2559 te
995 2498 1051 2558 o'r'o
1066 2491 1253 2581 hortorque,

190 2623 233 2665 ne
257 2587 463 2666 clarissumus
485 2602 674 2691 imperator,
698 2599 822 2665 Gallica
845 2581 945 2689 gente
959 2597 1108 2688 subacta,
1133 2598 1251 2690 populi

178 2706 330 2772 -Romani
343 2730 503 2772 summum
514 2713 612 2797 'atque
627 2707 782 2774 invictum
797 2693 1143 2796 imperium-tabescere
1158 2722 1250 2774 retu·

192 2828 272 2880 state
296 2837 332 2879 ac
347 2837 405 2904 per
424 2837 580 2879 summam
602 2797 799 2880 discordiam¹
816 2814 914 2880 dilabi
933 2813 1072 2904 patiaris,
1090 2809 1253 2894 Profecto,

86 2933 89 2940 ‘
192 2922 220 2987 si
235 2921 269 2985 id
284 2921 422 3002 adridat,
437 2944 541 3010 neque
556 2921 615 2987 tibi
637 2945 699 2986 nox
718 2944 822 3011 neque
842 2921 909 2986 dies
925 2943 1036 2987 euram
1051 2920 1149 2984 animi
1164 2920 1252 2986 seda-

97 3119 99 3123 Υ
192 3029 289 3109 verit,
316 3031 394 3119 quin
416 3030 582 3095 insomniis
606 3030 778 3111 exereitus,
803 3029 995 3094 furibundus
1019 3042 1114 3116 atque
1144 3050 1252 3093 amens

179 3135 325 3200 >alienata
340 3152 445 3202 mente
460 3136 580 3203 feraris.
596 3139 741 3227 Namque
760 3134 839 3200 mihi
862 3158 1010 3224 provere
1027 3147 1171 3215 constat,
1187 3155 1252 3198 om-

189 3243 279 3306 nium
294 3243 475 3306 mortalium
488 3244 586 3310 vitam
601 3244 709 3310 ‹livim
724 3244 856 3307 numine
870 3241 984 3308 invisi:
1000 3263 1104 3329 neque
1129 3241 1254 3305 bonum
1326 3243 1328 3247 ’

187 3357 292 3436 neque
307 3348 425 3412 malum
440 3348 564 3413 facinus
581 3354 771 3436 cujusquam
793 3372 851 3438 pro
872 3347 973 3412 nihilo
993 3347 1118 3411 haberi:
1135 3345 1248 3412 sed-er

188 3469 302 3520 natura
318 3453 441 3521 diversa
456 3456 596 3543 praemia
611 3457 711 3521 bonos
726 3454 889 3544 malosque
905 3456 1011 3543 sequi..
1026 3455 1152 3518 Interea
1169 3453 1253 3518 forte

188 3585 226 3629 ea
246 3561 366 3626 tardius
390 3562 588 3650 procedunt:
611 3587 688 3631 suus
710 3563 828 3653 cuique
844 3565 976 3629 ,animus
998 3583 1036 3626 ex
1056 3560 1251 3627 conscientia
1300 3557 1302 3562 ’

190 3691 281 3758 spem
296 3668 433 3756 praebet.

238 3777 332 3842 XVI.
360 3775 496 3858 Quodsi
519 3791 624 3841 tecum
646 3778 749 3868 patria
776 3790 871 3866 atque
892 3789 1038 3866 parentes
1061 3787 1191 3864 possent
1204 3774 1251 3840 lo-

191 3882 266 3970 qui,
280 3883 399 3947 scilicet
413 3883 492 3946 haec
507 3884 565 3951 tibi
580 3884 738 3949 dicerent:
756 3887 785 3949 Ο
803 3886 937 3965 Caesar,
957 3906 1015 3947 nos
1036 3897 1066 3946 te
1082 3881 1250 3970 genuimus

90 4025 95 4036 ·
192 3988 364 4058 fortissumi
380 3991 459 4076 riri,
474 3991 509 4057 in
525 4005 654 4082 optuma
669 3993 749 4060 urbe
758 4041 767 4084 ,
791 3992 887 4060 decus
914 3988 1174 4084 praesidiumque
1192 4009 1254 4061 υθέ
