2888 4748
411 338 603 433 BELLUM
630 332 973 404 CATlLlNthUM
1186 329 1227 396 as

153 491 351 561 miliaritates
376 490 570 582 adpetebat:
595 510 707 553 eorum
730 489 848 570 animi,
863 488 975 554 molles
998 500 1030 557 et
1052 497 1152 550 aetate
1168 481 1229 548 ssu-

153 604 203 683 xi,
226 602 308 669 dolia
332 598 420 665 baud
443 597 617 665 difficulter
646 597 880 687 capiebantur:
902 620 977 663 nam
999 592 1048 660 uti
1072 595 1230 682 cujusque

152 710 297 776 studium
325 731 363 774 ex
390 721 491 773 aetate
522 704 698 796 flagrabat,
722 707 793 774 aliis
825 719 929 774 scorta
958 703 1136 796 praebere,
1158 699 1230 767 aliis

151 841 247 885 canes
270 833 367 907 atque
390 839 490 907 equos
514 816 648 880 mercari
668 841 675 879 ι
697 828 858 906 postremo
882 834 998 908 neque
1011 807 1151 889 summi,
1175 830 1230 875 ne·

152 949 216 1018 que
246 924 420 990 modestiae
450 946 526 988 suae
555 945 712 1011 parcere,
743 921 821 988 dum
851 920 924 986 illos
955 921 1108 986 obnoxios
1135 914 1234 982 fidoss

153 1059 216 1126 que
241 1033 368 1098 faceret.
395 1032 469 1098 Scio
494 1031 593 1097 fuisse
622 1031 813 1109 nonnullos,
839 1030 895 1119 qui
919 1029 964 1093 ita
988 1027 1233 1107 existumarent,

152 1146 380 1228 juventutem,
408 1164 490 1230 quae
528 1140 660 1206 domum
701 1138 859 1203 Catilinae
898 1134 1146 1226 frequentabat,
1178 1153 1234 1222 pa·

151 1273 227 1317 rum
247 1249 381 1315 honeste
400 1248 590 1338 pudicitiam
613 1245 787 1326 babuisse;
814 1245 872 1311 sed
895 1269 933 1310 ex
956 1244 1027 1310 aliis
1051 1242 1149 1307 rebus
1170 1261 1236 1308 ma-

152 1358 201 1447 gis
223 1370 250 1439 ¹,
273 1380 370 1446 quam
394 1357 482 1446 quod
506 1355 658 1445 cuiquam
681 1354 716 1420 id
739 1367 940 1446 compertum
963 1351 1064 1433 foret,
1086 1349 1168 1417 haec
1185 1345 1235 1414 ia·

148 1489 208 1530 ma
232 1465 366 1532 valebat.

201 1573 279 1640 XV.
299 1571 517 1663 Jamprimum
529 1558 717 1638 adolescens
736 1569 878 1636 Catilina
894 1570 996 1635 multa
1011 1568 1148 1636 nefanda
1169 1582 1233 1636 stu·

153 1705 213 1772 pra
236 1680 369 1760 fecerat,
385 1704 460 1746 cum
475 1681 624 1770 virgine·
649 1681 769 1759 nobili,
786 1702 861 1746 cum
886 1678 1053 1745 sacerdote
1073 1679 1192 1744 Vestae
1207 1685 1237 1759 ⁸,

156 1789 219 1854 alia
247 1787 473 1873 hujuscemodi
502 1802 613 1854 contra
642 1790 694 1872 jus
723 1787 838 1876 fasque
858 1821 882 1859 a.
910 1788 1097 1868 Postremo,
1121 1800 1236 1876 captus

156 1920 265 1963 amore
297 1895 450 1961 Aureliae
482 1896 675 1976 Orestillae,
705 1898 800 1980 cujus
830 1911 957 1987 praeter
985 1894 1122 1961 formam
1153 1894 1236 1961 nihil

155 2027 311 2094 umquam
335 2002 439 2067 bonus
463 2002 628 2081 laudavit3
653 2002 741 2092 quod
764 2027 801 2069 ea
832 2004 953 2070 nubere
977 2003 1027 2068 illi
1050 2004 1238 2088 dubitabat,

155 2113 271 2178 timens
295 2109 480 2199 privignum
505 2108 652 2175 adultum
677 2125 778 2176 aetate
791 2140 799 2189 3
814 2135 875 2201 pro
892 2126 979 2178 certo
996 2112 1158 2193 creditur,
1182 2134 1235 2178 ne-

155 2224 227 2286 cato
251 2215 336 2299 filio,
361 2240 497 2284 vacuam
521 2216 654 2283 domum
677 2218 819 2284 scelestis
845 2220 968 2309 nuptiis
993 2219 1116 2284 fecisse.
1143 2220 1236 2302 Quae

157 2326 288 2416 quidem
310 2349 361 2391 res
385 2323 465 2390 mihi
488 2325 524 2389 in
548 2326 661 2415 primis
678 2326 806 2392 videtur
823 2349 937 2392 caussa
959 2325 1058 2391 fuisse
1083 2325 1236 2393 facinoris

155 2432 346 2501 maturandi.
372 2433 518 2522 Namque
543 2431 669 2496 animus
692 2432 862 2520 impurus,
892 2432 954 2498 diis
985 2433 1238 2524 hominibusque

154 2541 311 2620 infestus,
341 2530 446 2630 neque
472 2539 592 2628 vigiliis
622 2561 727 2627 neque
756 2540 921 2629 quietibus
952 2540 1055 2606 sedari
1090 2556 1235 2631 poterat:

153 2648 201 2712 ita
224 2646 419 2713 conscientia
435 2660 574 2711 mentem
598 2646 734 2712 excitam
753 2649 896 2714 vexabat
923 2648 1028 2737 Igitur
1053 2650 1141 2717 colos
1165 2655 1245 2736 ejus¹

156 2754 343 2845 exsanguia,
371 2753 457 2819 foedi
487 2754 594 2833 oculi;
618 2755 703 2821 citus
732 2755 848 2835 modo,
872 2757 968 2822 modo
996 2756 1109 2824 tardus
1133 2758 1234 2825 inces-

154 2888 229 2930 sus:
253 2887 386 2953 prorsus
409 2863 444 2926 in
467 2861 549 2927 faeie
572 2862 730 2952 vultuque
753 2864 903 2931 vecordia
927 2866 1031 2930 inerat
1045 2859 1064 2935 ⁵,
1170 2919 1173 2924 .

200 2971 296 3039 XVI.
322 2969 387 3036 Sed
409 2973 625 3054 juventutem,
650 2995 764 3061 quam,
789 2987 826 3038 ut
850 2997 949 3063 supra
973 2973 1129 3054 diximus,
1153 2973 1232 3046 inles
1325 2970 1330 2993 l

155 3091 245 3146 xerat
266 3077 376 3143 multis
399 3077 520 3158 modis,
544 3077 629 3142 mala
657 3078 803 3146 facinora
832 3081 1005 3159 edocebat3
1034 3103 1072 3146 ex
1100 3080 1164 3147 illis
1189 3094 1234 3148 te·

148 3202 219 3252 stes
252 3186 493 3275 signatoresque
506 3203 508 3208 ’
522 3184 621 3251 falsos
651 3188 854 3253 commodare
871 3217 879 3269 3
909 3186 1031 3270 fidem,
1062 3188 1232 3274 fortunas,

154 3291 299 3383 pericula
321 3292 398 3358 vilia
421 3293 547 3359 habere.
572 3293 667 3375 Post,
691 3295 748 3358 ubi
773 3318 886 3361 eorum
909 3294 1028 3361 famam
1055 3312 1150 3387 atque
1174 3323 1233 3389 pu·

154 3400 266 3465 dorem
289 3398 478 3482 adtriverat,
502 3403 626 3486 majora
651 3401 714 3466 alia
738 3402 937 3494 imperabat3
967 3405 996 3471 si
1024 3429 1138 3472 caussa
1160 3427 1234 3495 pec·

177 3618 186 3654 1
212 3597 256 3653 Ex
277 3595 396 3674 perditis
420 3595 560 3664 Catilinae
585 3598 673 3655 mori·
712 3611 774 3656 erat
785 3601 881 3660 virum
898 3615 1022 3680 tangere.
1042 3599 1182 3658 Sacerdos
1194 3601 1230 3660 de

155 3675 218 3732 hus.
712 3697 770 3751 qua
782 3677 829 3734 hic
845 3678 975 3753 loquitur
995 3677 1048 3734 suit
1065 3677 1154 3733 Fabia
1173 3679 1230 3735 Te·

176 3769 192 3806 a
211 3751 301 3806 Tacct
312 3746 439 3804 mulieris
450 3765 571 3818 nomen,
583 3770 620 3806 ne
631 3750 672 3807 illi
711 3754 822 3810 rentiae
843 3755 992 3811 Ciceronis
1012 3753 1110 3808 uxoris
1131 3772 1221 3809 soror.

157 3839 186 3882 et
197 3825 319 3881 familiae
331 3844 398 3880 suae
411 3837 478 3882 nota
490 3825 631 3885 inuratur.
729 3827 821 3899 dJus
842 3831 879 3886 ad
904 3829 1051 3899 homines,
1077 3829 1120 3885 sas
1139 3829 1231 3887 refer-

175 3901 192 3958 3
212 3901 345 3977 Virgines
365 3914 461 3970 crant,
482 3921 556 3976 quac
576 3902 672 3978 ignem
711 3916 759 3961 tur
780 3905 818 3961 ad
837 3906 913 3964 deos

156 3989 328 4053 perpetuum
349 3977 379 4033 in
398 3977 595 4054 penetralibus
611 3980 671 4038 Ve—
729 3979 747 4038 5
768 3982 836 4058 Ipso
856 3981 939 4044 vultu
956 3982 1096 4042 uraniam
1113 4000 1231 4064 praete·

156 4066 215 4112 stac
236 4053 440 4124 asservabant,
466 4053 573 4134 quibus
592 4056 672 4116 nefas
710 4057 831 4117 serebat.
