2888 4748
422 290 612 384 natatu
638 305 980 378 cantarnanmrt
1202 256 1253 405 te

163 465 286 556 staplas
310 459 562 552 magnificaeque
584 459 694 541 fuere3
716 484 829 530 rerum
851 464 1015 554 aliquanto
1036 459 1175 533 minores
1195 480 1243 537 ta·

163 597 256 653 men,
281 593 377 661 quam
401 568 486 634 sarna
510 568 664 634 feruntur.
692 568 757 634 Sed
781 571 856 660 quia
883 595 1059 663 provenere
1086 573 1132 637 ibi
1160 575 1240 639 aori-

160 697 289 771 ptorum
304 702 419 768 magna
435 677 564 767 ingenia
579 680 605 757 ¹,
618 700 675 768 per
690 691 848 744 terrarum
866 679 975 744 orbem
993 680 1247 749 Atheniensium

159 789 244 854 facta
267 811 325 878 pro
350 786 507 851 maxumis
532 785 740 851 celebrantur.
766 785 817 852 lta
840 809 971 869 eorum,
995 789 1051 876 qui
1067 812 1104 853 ea
1119 787 1245 875 fecere,

160 896 264 964 virtus
288 910 375 961 tanta
398 893 553 975 habetur,
578 908 734 982 quantum
753 894 859 961 verbis
880 919 917 961 ea
935 911 1067 984 potuere
1091 897 1244 965 extollere

127 1086 131 1098 .
160 1004 324 1094 praeclara
348 1001 484 1091 ingenia.
501 1001 546 1067 At
569 1002 691 1092 populo
713 1003 861 1068 Romano
885 1024 1062 1092 numquam
1087 1027 1124 1069 ea
1147 1006 1244 1096 copia

160 1111 243 1189 fuit3
258 1110 334 1200 quia
350 1109 620 1200 prudentissimus
636 1108 772 1199 quisque
789 1111 973 1199 negotiosus
988 1134 1134 1177 maxume
1156 1127 1244 1180 erat:

162 1218 329 1309 ingenium
352 1241 446 1283 nemo
471 1215 540 1282 sine
564 1240 698 1307 corpore
722 1217 886 1283 exercebat
906 1233 1080 1308 :optumus
1106 1218 1244 1310 quisquc¹

161 1326 277 1407 facere,
302 1349 399 1415 quam
416 1325 541 1404 dicere3
561 1348 619 1390 sua
643 1325 682 1388 ab
707 1324 779 1390 aliis
803 1323 967 1391 benefacta
991 1325 1128 1409 laudari,
1146 1350 1244 1417 quam

160 1434 230 1523 ipse
255 1434 391 1498 aliorum
415 1456 545 1498 narrare
568 1432 714 1496 malebat.

208 1541 269 1607 IX.
295 1541 399 1631 Igitur
414 1540 501 1607 domi
516 1541 713 1629 militiaeque
728 1538 806 1605 boni
821 1557 925 1607 mores
940 1540 1136 1611 colebantur.
1157 1545 1245 1611 cona

160 1649 271 1714 condia
286 1672 445 1730 maxuma,
459 1649 604 1713 minuma
619 1649 753 1714 avaritia
769 1664 837 1714 erat
855 1675 863 1714 τ
887 1653 938 1733 jus
953 1650 1140 1740 bonumque
1156 1651 1245 1742 apud

159 1780 215 1823 cos
231 1780 296 1822 non
311 1757 436 1846 legibus
456 1756 576 1845 magis,
601 1779 699 1844 quam
716 1756 849 1836 natura,
872 1758 1005 1834 valebat.
1021 1759 1043 1822 J
1046 1759 1155 1848 iurgia,
1178 1758 1245 1824 dis·

161 1850 305 1944 cordias,
329 1864 505 1929 simultates
534 1886 610 1928 cum
639 1863 785 1928 hostibus
816 1865 1032 1929 exercebant:
1056 1866 1142 1932 cives
1166 1876 1243 1932 cum

161 1972 285 2039 civibus
309 1971 348 2036 de
372 1973 491 2038 virtute
515 1971 704 2036 certabant:
728 1970 762 2035 in
787 1970 957 2061 suppliciis
986 1973 997 2000 ¹
1019 1971 1153 2041 deorum
1178 1997 1243 2037 ma-

163 2077 294 2167 gnifici,
322 2078 410 2143 domi
432 2078 549 2169 parci,
573 2079 607 2143 in
630 2078 750 2144 amieos
773 2077 883 2144 fideles
908 2093 1005 2144 erant
1031 2080 1168 2146 Duabus
1191 2081 1245 2148 his

163 2186 313 2267 artibus,
337 2185 472 2252 audacia
495 2186 529 2251 in
552 2186 665 2264 bell03
692 2187 749 2252 ubi
781 2210 843 2276 pax
875 2200 1041 2269 evenerat,
1064 2187 1245 2277 aequitate,

163 2316 261 2383 seque
285 2316 416 2385 remque
439 2295 604 2384 publicam
631 2295 794 2360 curabant.
815 2295 960 2377 Quarum
977 2318 1085 2360 rerum
1104 2318 1162 2384 ego
1177 2317 1244 2361 ma·

162 2425 258 2466 xuma
282 2402 473 2467 documento
495 2402 574 2466 haec
593 2402 694 2465 habeo
714 2429 722 2479 ;
746 2400 834 2490 quod
857 2401 891 2464 in
915 2401 998 2465 bello
1023 2403 1150 2493 saepius
1173 2402 1246 2469 vin·

165 2508 307 2573 dicatum
335 2524 382 2573 est
413 2510 447 2571 in
480 2532 559 2589 eos,
590 2508 647 2598 qui
677 2522 786 2573 contra
816 2507 1022 2598 imperium³
1052 2510 1086 2572 in
1117 2507 1243 2575 hostem

164 2631 401 2703 pugnaverant,
418 2614 539 2704 quique
553 2616 695 2698 tardius,
710 2616 871 2696 revocati,
894 2616 1016 2705 praelio
1031 2630 1247 2699 excesserant,

165 2747 262 2812 quam
276 2723 332 2812 qui
348 2725 438 2813 signa
453 2723 645 2813 relinquere,
661 2740 716 2790 aut
731 2724 819 2815 pulsi
832 2723 902 2788 loco
926 2723 1037 2789 cedere
1057 2724 1128 2793 ausi
1142 2739 1242 2791 erant

166 2831 206 2896 In
221 2855 300 2921 pace
324 2855 399 2899 vero
422 2831 593 2898 beneficiis·
611 2833 728 2924 magis,
751 2855 848 2922 vam
871 2845 957 2896 metu
981 2830 1153 2921 imperium
1177 2830 1243 2919 agi-

164 2939 299 3017 tabant3
324 2956 380 3022 et,
403 2956 533 3032 accepta
556 2941 700 3026 injuria,
723 2930 913 3031 ignoscere,
938 2961 1035 3027 quam
1064 2937 1245 3029 persequi,

166 3047 336 3112 malebant,
1128 3059 1131 3065 ’

212 3155 255 3218 X.
283 3155 347 3219 Sed
360 3156 416 3219 ubi
430 3156 538 3220 labore
553 3169 649 3245 atque
662 3153 786 3239 justitia
799 3153 995 3244 Respublica
1009 3151 1129 3231 orevit3
1152 3170 1243 3242 roges

165 3262 273 3350 magni
296 3262 380 3327 bello
404 3262 515 3327 domiti
532 3263 562 3341 ⁴3
585 3263 731 3330 nationes
754 3262 870 3327 ferac⁵
899 3276 929 3327 et
952 3260 1066 3352 populi
1097 3261 1244 3352 ingentes

190 3515 200 3551 r
225 3493 408 3562 Herodotus,
429 3492 607 3572 Thuydides,
628 3495 686 3551 Xe·
743 3495 761 3567 4
781 3497 880 3553 Perses
892 3494 1087 3563 Macedoniae,
1097 3492 1244 3569 Jugurrha

169 3571 298 3648 nophon.
724 3571 898 3641 Numidiae,
926 3571 1105 3628 Mithridates
1133 3570 1245 3640 Ponti,

187 3645 403 3735 aDicebantur
427 3645 569 3722 supplicia
596 3645 688 3702 a‘diis
726 3648 1049 3781 Tpgranesldrmeniae.
1146 3719 1152 3733 Ι

168 3723 412 3855 sipiriwhiihsiuit
440 3790 582 3868 Manlius,
600 3820 687 3874 quem
724 3725 818 3869 luanil,1
832 3718 1246 3866 liioiiiicfioicsiiiriiibgliiitQ

169 3874 335 3950 Torquatus
359 3887 443 3952 pater
463 3875 550 3952 virgis
573 3895 688 3933 coesum
727 3872 757 3933 in
768 3878 885 3951 Europa
898 3892 995 3930 omnes
1007 3872 1105 3929 Italiae
1119 3885 1245 4007 gentes,

166 3951 260 4026 capite
284 3952 452 4020 mulctavit,
483 3952 562 4026 quod
586 3965 688 4009 contra
727 3953 857 4028 Hispani,
871 3949 958 4022 Galli,
970 3948 1106 4028 Inalpini,
1135 3949 1245 4020 'rauci,

170 4027 322 4106 imperium
335 4029 482 4088 victoriam
495 4041 676 4106 reportasset.
728 4029 907 4085 Thracisce.
928 4081 930 4085 ,
