2888 4748
192 361 256 430 ὼ
486 360 522 426 C.
549 359 698 428 culsrl
724 357 966 432 SALLUSTII

188 505 307 574 relictis
327 506 490 598 operibus,
514 509 753 600 frequentarent
777 510 936 590 Marium,
951 520 982 573 et
997 527 1056 573 sua
1079 507 1258 573 necessaria

187 630 260 703 post
275 615 362 683 illius
378 616 531 682 honorem
546 617 699 685 ducerent
714 620 733 680 ¹.
755 618 806 683 -lta
820 616 968 707 perculsa
983 615 1167 698 nobilitate,
1183 630 1258 706 post

186 722 304 787 multas
320 739 520 815 tempestates
535 728 563 806 ¹,
582 748 666 791 novo
682 725 804 790 homini
820 723 1005 790 consulatus
1021 723 1210 788 mandatur:
1226 738 1258 789 et

185 847 295 921 postea
310 834 451 923 populus
475 858 494 897 a
517 833 646 898 tribuno
670 833 772 922 plebis
796 833 918 897 Manlio
940 831 1085 897 Mantiuo
1108 846 1256 921 rogatus,

188 962 284 1028 quem
298 941 393 1007 vellet
408 963 482 1005 cnm
498 942 520 1006 J
521 941 660 1029 ugurtha
674 941 795 1006 bellum
809 962 935 1030 gerere,
950 938 1100 1025 frequens
1115 939 1255 1004 Marium

186 1046 288 1130 jussit.
307 1047 373 1111 Sed
387 1063 515 1113 senatus
538 1049 648 1137 paullo
672 1062 744 1114 ante
761 1049 890 1115 Metello
906 1045 1091 1113 Numidiam
1110 1046 1255 1114 decreve-

187 1167 237 1219 rat
250 1157 260 1195 ³
273 1204 282 1234 ,
297 1178 334 1218 ea
349 1178 400 1220 res
415 1155 533 1221 frustra
549 1155 618 1220 fuit.

232 1261 409 1330 LXXVII.
436 1263 558 1331 Eodem
573 1267 746 1355 temporeJ
750 1266 897 1356 ugurtha,
906 1264 1029 1331 amissis
1046 1264 1257 1353 amicisque-

186 1391 259 1435 rum
272 1371 443 1461 plerosque
457 1373 526 1462 ipse
541 1388 720 1454 necaverat,
736 1375 833 1439 ceteri
849 1372 1030 1454 formidine,
1044 1396 1119 1463 pars
1136 1374 1175 1437 ad
1191 1373 1256 1436 Ro-

185 1499 314 1558 manos,
330 1479 385 1542 alii
408 1479 448 1544 ad
471 1503 576 1569 regem
599 1480 763 1546 Bocchum
779 1482 790 1521 ⁴
804 1479 1031 1571 profugerant3
1055 1503 1129 1544 cum
1151 1501 1257 1568 neque
1329 1548 1336 1559 ‚

184 1585 305 1650 bellum
328 1587 394 1674 geri
417 1587 485 1651 sine
508 1587 701 1654 administris
726 1602 852 1678 posset,
867 1608 1088 1675 novorumque
1108 1584 1204 1650 fidem
1219 1586 1254 1648 in

177 1689 272 1757 'tanta
288 1692 421 1782 perfidia
435 1708 578 1761 veterum
594 1695 729 1785 experiri
743 1694 961 1784 periculosum
981 1693 1129 1773 duceret,
1144 1692 1255 1758 varius

185 1798 391 1888 incertusque
407 1803 592 1890 agitabatur.
609 1802 720 1890 Neque
735 1802 784 1864 illi
799 1826 867 1882 res,
883 1824 986 1890 neque
1002 1800 1183 1878 consilium,
1198 1813 1255 1863 aut

186 1908 356 2003 quisquam
371 1907 538 1974 hominum
553 1911 628 1974 satis
643 1910 808 1999 placebat:
833 1909 948 1972 itinera
961 1906 1203 1997 praefectosque
1219 1907 1254 1968 in

185 2012 253 2081 dies
269 2031 411 2080 mutare:
428 2016 522 2081 modo
538 2017 708 2083 advorsum
731 2014 858 2097 hostes,
873 2014 1033 2080 interdum
1055 2015 1088 2078 in
1112 2012 1256 2078 solitudi-

184 2145 242 2187 nes
261 2147 404 2212 pergere:
428 2146 521 2213 saepe
544 2124 578 2187 in
601 2122 696 2211 fuga,
712 2138 744 2187 at
765 2137 839 2210 post
858 2124 968 2212 paullo
992 2144 1080 2211 spem
1102 2120 1135 2185 in
1160 2119 1255 2184 armis

183 2229 322 2296 habere:
342 2231 507 2312 dubitare,
520 2229 630 2299 virtuti
647 2253 686 2294 an
703 2227 777 2293 fidei
792 2230 999 2320 popularium
1022 2229 1127 2293 minus
1150 2227 1255 2292 crede-

185 2353 241 2407 ret
265 2338 331 2419 Ita,
348 2363 550 2428 quocumque
573 2337 752 2404 intenderat
767 2337 792 2419 ⁵,
815 2360 865 2402 res
891 2337 1042 2403 advorsae
1067 2349 1164 2400 erant.
1180 2333 1255 2398 -Sed

184 2444 341 2513 intereas
364 2471 467 2519 moras
490 2463 619 2536 repente
644 2471 711 2513 sese
734 2445 883 2510 Metellus
906 2467 980 2509 cum
995 2442 1134 2509 exercitu
1151 2456 1254 2506 osten·

184 2553 240 2620 dit
259 2556 417 2621 Numidae
432 2556 472 2623 eh
487 2557 508 2620 J
511 2554 649 2644 ugurtha
664 2579 723 2644 pro
745 2568 887 2644 tempore
906 2552 1009 2644 parati
1027 2551 1255 2638 instructiqu03

184 2661 259 2726 dein
282 2662 441 2750 proelium
465 2663 627 2752 incipitur.
647 2663 720 2746 Qua
741 2663 774 2726 in
797 2677 887 2751 parte
908 2684 963 2725 rer
983 2683 1110 2749 pugnae
1134 2657 1254 2736 adfuit,

184 2767 230 2832 ibi
253 2769 449 2859 aliquamdiu
471 2785 646 2836 certatum:
667 2769 764 2836 ceteri
786 2790 895 2834 omnes
918 2771 987 2852 ejus
1010 2750 1125 2831 milites
1149 2765 1254 2852 primo

183 2899 356 2966 congressu
376 2877 462 2966 pulsi
483 2877 667 2969 fugatique:
690 2877 828 2942 Romani
849 2877 1013 2964 signorum
1038 2889 1069 2939 et
1093 2893 1254 2936 armorum

183 2998 216 3048 et
232 2985 395 3073 aliquanto
411 3008 543 3050 numero
559 2986 700 3050 hostium
715 2985 816 3074 potiti.
834 2984 915 3047 Nam
935 2982 1032 3045 ferme
1049 2979 1202 3044 Numidas
1219 2979 1253 3041 in

183 3093 332 3158 omnibus
347 3092 477 3182 proeliis
493 3094 593 3181 magis
609 3091 723 3181 pedes,
738 3112 835 3178 quam
850 3110 937 3151 arma
953 3102 1021 3151 tute
1038 3101 1120 3151 sunt.

229 3199 425 3266 LXXVIII.
442 3200 489 3264 Ea
505 3199 580 3289 fuga
595 3198 758 3290 Iugurtha
772 3196 947 3286 impensius
964 3195 1058 3260 modo
1074 3195 1169 3260 rebus
1187 3194 1252 3258 suis

182 3303 349 3388 diffidens,
380 3331 454 3374 cum
473 3307 616 3398 perfugis
639 3320 671 3372 et
692 3320 782 3397 parte
803 3304 964 3396 equitatus
988 3303 1021 3379 in
1047 3303 1255 3382 solitudines,

203 3534 214 3570 r
228 3515 410 3593 Negligerent
419 3537 505 3595 opera
515 3535 576 3584 sua,
586 3530 618 3574 ul
626 3539 696 3574 oon.-
733 3511 1254 3589 mandabatuerperr'umautemllo-

182 3592 292 3651 sulatus
316 3594 456 3651 honorem
475 3594 583 3650 Marius
603 3593 695 3670 adipi·
734 3591 1004 3668 ruaniappellabant
1016 3588 1134 3664 cogendi
1146 3588 1254 3642 exerci-

184 3683 321 3726 sceretur.
734 3681 781 3724 tus
801 3668 976 3742 gerendique
995 3664 1063 3721 belli
1075 3674 1252 3739 potestatem.

203 3762 219 3798 a
241 3747 317 3800 Cum
347 3743 438 3799 multo
466 3755 549 3801 antea
572 3757 701 3821 tempor-e
758 3743 927 3815 4Bocehus
940 3763 989 3798 rex
1001 3742 1170 3794 Maurorum
1182 3751 1254 3806 crat,

182 3820 289 3875 factum
309 3841 368 3875 non
389 3833 469 3877 esset.
490 3821 558 3876 Post
577 3822 701 3876 Marium
740 3821 790 3895 qui
802 3819 952 3875 Numidiae
965 3816 1092 3872 confines
1103 3827 1177 3870 sunt.

182 3895 211 3949 id
224 3896 343 3970 contigit
356 3896 497 3953 Ciceroni.
758 3896 775 3965 5
797 3893 948 3970 Quidquid
959 3902 1098 3958 tentaret,
1118 3903 1167 3945 aut
1180 3910 1254 3964 quo-

201 3969 490 4040 3Quemadmodurn
513 3971 662 4048 provincia
682 3993 699 4027 a
738 3992 862 4045 cumque
893 3969 1019 4024 animum
1052 3979 1253 4032 converteret,

183 4059 301 4116 senatu,
321 4047 359 4104 itu
379 4047 530 4124 imperium
553 4069 568 4103 a
588 4048 699 4127 populo
738 4047 832 4113 orunia
853 4044 1087 4109 adversabantur.
