2888 4748
269 337 312 404 ss
557 335 592 401 c.
620 332 768 401 cissos
792 304 1041 401 siniosm'

261 498 373 571 tospu‘c
392 482 536 548 mortalis
556 507 596 548 ea
616 507 729 549 caussa
750 482 896 549 advorsos
919 481 1040 547 babeo:
1055 480 1112 568 qui
1135 479 1215 548 mibi
1235 498 1335 573 atquc

258 595 370 658 animo
393 615 463 655 meo
486 590 609 655 nullius
632 615 772 678 unquam
788 591 900 656 delicti
912 593 1048 679 gratiam
1055 590 1231 674 fecissem,
1245 592 1336 659 baud

233 699 358 788 ‘focile
381 699 514 764 alterius
537 699 676 762 lubidini
696 698 867 784 malefacta
883 698 1110 763 condonabam.
1130 700 1216 779 Sed,
1230 725 1269 765 ea
1285 717 1334 766 ta·

259 809 354 871 metsi
374 831 424 871 ros
444 809 536 893 parci
555 806 763 893 pendebatis3
783 823 889 872 tamen
906 806 1096 893 Respublica
1107 806 1212 890 formo
1234 825 1333 872 erat:

256 913 424 999 opulentia
440 915 669 1000 neglegentiam
685 913 693 936 ¹
709 913 875 978 tolerabat.
890 918 982 979 Nunc
998 937 1069 978 vero
1084 937 1149 976 non
1164 915 1199 978 id
1213 916 1332 1000 agitur,

256 1020 413 1099 bonisne,
435 1046 478 1083 an
501 1021 595 1084 malis
615 1021 754 1084 moribus
777 1023 932 1099 vitamus,·
955 1044 1057 1107 neque
1082 1037 1236 1107 quantum
1248 1071 1257 1100 ,
1272 1039 1331 1086 aut

255 1152 354 1215 quarn
376 1128 577 1214 magnificum
599 1129 767 1214 imperium
787 1128 902 1214 populi
917 1129 1052 1193 Romani
1074 1130 1138 1192 sit:
1159 1128 1216 1192 sed
1237 1132 1329 1212 cujus

255 1235 339 1299 boec
359 1259 495 1321 cumque
519 1235 604 1298 modi
625 1235 790 1315 videntur,
812 1251 941 1315 nostra,
962 1259 1034 1315 an,
1056 1235 1221 1300 nobiscum
1242 1260 1308 1300 una
1319 1285 1330 1316 ,

258 1343 519 1426 bostiumsutura
534 1345 607 1406 sint.

235 1490 237 1499 =
304 1449 375 1517 LV.
400 1452 479 1513 Heio
502 1450 581 1514 mibi
602 1453 772 1538 quisquam
796 1449 1071 1514 mansuetudinem
1098 1465 1131 1515 et
1155 1451 1332 1516 misericor·

257 1557 345 1621 diam
360 1559 723 1646 nominatijampridem
738 1558 885 1644 equidem
901 1583 957 1621 nos
974 1582 1046 1621 vera
1061 1580 1165 1622 rerum
1175 1557 1332 1625 vocabulo

258 1667 443 1743 amisimns3
461 1668 559 1751 quia,
579 1665 662 1729 bona
685 1664 794 1729 aliena
817 1666 949 1750 largiri,
963 1663 1135 1729 liberalitas
1147 1691 1157 1742 3
1171 1665 1331 1731 malarum

258 1797 364 1840 rerum
380 1773 537 1850 audacia,
552 1769 705 1836 fortitudo
721 1787 863 1850 vocatum
877 1795 913 1835 eo
931 1770 1121 1856 Respublica
1136 1773 1171 1834 in
1185 1788 1330 1837 extremo

258 1883 322 1944 sita
345 1895 400 1943 cst.
426 1881 498 1943 Sint
517 1903 594 1941 sanc
606 1893 617 1957 ,'
630 1881 782 1964 quoniam
798 1881 844 1941 ita
858 1901 891 1942 se
908 1902 1009 1940 mores
1025 1877 1164 1957 babent,
1180 1878 1330 1944 liberales

258 2011 302 2051 ea
317 1988 473 2049 sociorum
483 1987 628 2069 fortunis
642 2013 652 2063 ;
672 1987 739 2048 sint
760 1984 976 2048 misericordes
993 1987 1025 2048 in
1032 1985 1166 2068 furibus
1181 1988 1302 2050 aerarii
1320 2011 1330 2050 :

257 2093 379 2156 nciliis
419 2095 604 2177 sanguinem
621 2107 762 2155 nostrum
778 2092 969 2178 largiantur,
984 2107 1035 2170 et,
1046 2091 1121 2154 dum
1135 2095 1248 2179 paucis
1263 2117 1329 2158 sce·

257 2201 367 2267 ieratis
387 2215 545 2284 parcunt,
568 2199 665 2264 bonos
685 2201 786 2262 omnis
799 2199 960 2284 perditum
982 2215 1065 2262 eant.
1083 2204 1169 2264 Bene
1191 2216 1223 2265 et
1245 2223 1330 2266 com-

256 2311 359 2394 posite
379 2313 412 2370 C.
433 2313 551 2399 Cacsar
564 2307 677 2394 paullo
702 2322 776 2374 onte
797 2308 831 2370 in
847 2307 905 2370 boc
922 2306 1031 2370 ordine
1047 2306 1086 2371 de‘
1102 2308 1165 2370 sita
1180 2322 1212 2371 et
1227 2319 1333 2372 morte‘

257 2415 420 2493 disseruit,
432 2415 625 2500 credosolsa
639 2416 838 2509 existumons
853 2439 893 2478 ca
909 2438 990 2500 quoe
1006 2413 1045 2478 de
1061 2415 1171 2499 inseris
1186 2406 1199 2444 ³
1212 2425 1329 2479 memo·

257 2539 390 2599 rantur,
405 2523 525 2586 diverso
548 2525 661 2588 itinere
684 2523 785 2586 malos
808 2547 829 2584 a
853 2521 942 2586 bonis
967 2522 1038 2585 loca
1061 2536 1141 2609 tetra
1153 2570 1164 2602 ‚
1184 2523 1329 2603 inculto,

247 2629 352 2713 sceda
380 2643 475 2715 atquc
487 2629 702 2714 formidolosa
723 2629 848 2694 babere.
873 2634 987 2715 ltaque
1014 2612 1158 2708 censuit,
1174 2630 1329 2720 pecunias

259 2757 370 2800 eorum
385 2736 610 2824 publicandas,
625 2737 712 2826 ipsos
727 2760 786 2826 per
800 2738 975 2827 municipia
990 2736 1024 2798 in
1041 2737 1194 2802 custodi-is
1208 2737 1326 2802 haben·

258 2841 335 2934 d0s3
350 2839 520 2911 videlicet⁴
535 2847 647 2910 timens
663 2869 702 2907 ne
715 2894 723 2922 ‚
738 2847 767 2907 si
782 2847 898 2909 Rornae
913 2847 995 2922 sint,
1010 2860 1067 2907 aut
1082 2869 1102 2906 o
1115 2844 1330 2931 popularibus
1420 2862 1439 2901 s

258 2951 509 3035 conjurationis,
532 2967 591 3015 out
604 2977 624 3015 a
640 2952 843 3015 multitudine
866 2952 1024 3017 conducta
1040 2975 1099 3036 per
1113 2953 1172 3013 sim
1188 2953 1328 3036 crepion·-

258 3073 319 3120 tur.
337 3059 436 3139 Quasi
450 3082 519 3121 vero
536 3059 615 3122 moli
635 3075 732 3145 atquc
753 3059 881 3124 scelesti
903 3057 1119 3123 tantummodo
1134 3060 1169 3120 iri
1184 3058 1279 3138 urbe,
1295 3074 1328 3122 et

208 3198 214 3205 ·
258 3187 323 3226 non
336 3189 395 3250 por
410 3181 506 3229 totam
524 3167 654 3232 Italiam
669 3169 746 3244 sint3
761 3183 819 3230 aut
834 3191 897 3230 non
913 3167 959 3230 ibi
972 3166 1047 3253 plus
1059 3166 1159 3251 possit
1174 3166 1327 3246 audacio,

259 3271 316 3336 ubi
334 3273 378 3334 od
399 3273 632 3357 defendendum
649 3299 721 3362 opes
737 3277 873 3345 minores
884 3291 971 3340 sunt.
990 3278 1093 3356 Quare
1110 3297 1223 3336 vanum
1239 3277 1327 3360 equi-

259 3376 330 3442 dem
352 3378 410 3441 hoc
430 3382 598 3445 consilium
617 3399 685 3461 est,
700 3385 729 3446 si
740 3383 920 3468 periculum
937 3407 980 3446 ca·
997 3381 1062 3444 illis
1079 3383 1199 3447 metuit.
1217 3384 1276 3444 Sin
1291 3385 1325 3445 in

283 3577 772 3656 1MagnitudoatqueopesRomani
811 3581 878 3636 tiam
890 3600 936 3636 om
958 3579 1040 3634 lexus
1058 3591 1118 3645 est,
1138 3579 1246 3635 animos
1266 3598 1326 3637 esse

259 3654 374 3732 Imperii
385 3655 585 3731 negligentiam
602 3669 728 3719 nostram
742 3656 773 3712 in
810 3658 924 3713 immort
954 3675 1001 3723 ες,
1024 3668 1111 3730 atque
1130 3668 1243 3728 aptema
1260 3654 1332 3733 post¹

259 3729 419 3807 Republica
440 3731 663 3788 administranda
696 3730 772 3808 tege·
810 3747 932 3789 mortem
953 3753 1007 3810 pro
1029 3731 1138 3788 meritis
1157 3732 1260 3805 gaudia
1279 3732 1326 3791 vel

260 3805 338 3866 bant.
812 3828 865 3886 sup
889 3808 952 3864 licia
964 3808 1068 3884 parari.

280 3883 557 3940 uDummodonon.
743 3950 745 3956 Ι
828 3830 1019 3955 [ignoscerem
1037 3880 1155 3949 irridet,
1173 3902 1258 3957 quem
1272 3903 1326 3959 per

278 3955 381 4014 beato
390 3960 496 4034 rigidae
506 3961 618 4018 virtutis
626 3959 771 4035 exemplar
811 3973 899 4017 totam
919 3960 1076 4017 orationem
1093 3958 1324 4018 acerhsinsecta-

260 4032 771 4114 meliorumphilosophorumsenten·
810 4049 865 4093 tur.
