2888 4748
209 278 251 364 rr

122 507 123 513 Ν
213 417 318 522 genii
336 417 394 510 ri,
408 415 532 497 nullis
551 416 763 526 repagulis,
784 443 887 528 quac
906 416 1088 528 vulgares
1107 421 1290 504 homines

212 566 414 660 detinent,
435 570 607 661 irretita,
629 598 707 676 qua
727 567 883 674 pollens
905 586 1042 649 auctor
1062 599 1144 648 non
1165 575 1289 669 sistit,

127 736 149 816 f
211 743 294 793 non
315 719 496 822 quiescit,
510 716 580 794 ubi
594 716 690 794 alios
711 743 869 795 necesse
891 733 951 796 est
967 720 1189 826 quiescere:
1206 750 1288 801 uno

209 868 295 944 ictu
316 864 443 956 oculi,
458 892 639 971 quaeque
656 865 732 942 sihi
749 864 901 970 objecta
921 863 1162 974 perspiciens
1181 871 1290 948 viam

184 1056 186 1060 ·
211 1031 338 1106 vorat,
360 1039 520 1092 cursum
541 1012 689 1119 explet,
710 1031 858 1095 metam
879 1015 1085 1095 celerrime
1107 1021 1287 1124 attingit3

210 1195 294 1247 uon
314 1163 422 1275 quod
448 1166 524 1240 iter
549 1179 818 1242 transversum
846 1181 886 1244 et
914 1165 1074 1248 brevius
1102 1170 1289 1276 arripiat,

213 1315 283 1393 sed
313 1312 422 1420 quod
452 1311 635 1417 gradihus
668 1313 817 1391 feratur
860 1317 1034 1428 maxime
1074 1280 1289 1395 concitatis.

212 1465 316 1544 Haec
337 1478 471 1540 autem
491 1459 561 1537 illa
582 1476 642 1537 est
661 1467 887 1538 immortalis
906 1461 1084 1538 Sallustii
1111 1470 1291 1544 velocitas
1364 1481 1373 1496 ‘

178 1652 188 1664 -
213 1640 237 1696 a
258 1610 504 1711 Quintiliano
524 1625 731 1715 tantopere
751 1607 936 1702 laudata,
958 1638 1035 1715 qua
1065 1608 1141 1689 sibi
1170 1611 1291 1692 lecto-

212 1764 267 1841 ris
289 1764 550 1839 attentionem
571 1758 781 1851 conciliat,
810 1758 1204 1867 eiquoconjectandi
1234 1760 1291 1841 lo·

214 1938 307 1990 cum
327 1911 503 2017 praebet,
518 1909 627 2016 quod
646 1911 730 2015 ipsc
751 1906 863 1987 siluit
883 1936 929 1988 ac
946 1911 1223 2016 praetermisit,
1238 1938 1292 1995 ne

133 2081 136 2087 ·
214 2058 403 2164 prolixior
434 2059 548 2154 fieret
578 2065 697 2161 atque
724 2055 894 2144 aliorum
920 2058 1204 2165 perspicaciam
1237 2059 1291 2141 of-

215 2204 404 2286 fendcret.

251 2360 325 2436 'Ex
344 2359 510 2464 repetita
530 2355 616 2462 ejus
643 2381 808 2463 operum
838 2353 1009 2435 lectione
1036 2358 1164 2461 major
1193 2383 1295 2435 sem·
1346 2399 1348 2402 >

217 2536 288 2614 por
321 2507 529 2591 delectatio
567 2509 753 2613 paritur3
786 2534 889 2588 nora
924 2509 1031 2585 enim
1064 2522 1105 2584 et
1136 2506 1293 2584 mirabi-

219 2654 317 2739 liora
357 2656 618 2762 dcteguntur‚
658 2684 760 2770 quae
799 2659 928 2764 primo
969 2658 1119 2754 intuitu
1142 2649 1294 2761 *oculos

182 2798 184 2801 ’
218 2806 386 2911 fugiunt,

225 2999 228 3001 Δ
269 2957 444 3040 Brevitas
471 2960 634 3062 insuper
661 2983 683 3034 a
711 2954 924 3050 verborum
954 2950 1114 3032 delectu
1142 2957 1293 3046 oritur,

219 3092 353 3185 stricta
379 3110 485 3183 enim
512 3120 834 3212 usurpat-auctor
854 3121 895 3184 et
914 3131 1104 3202 nerrosa3
1123 3104 1292 3185 uocabu-

168 3331 173 3343 ,
219 3252 270 3336 lis
290 3253 490 3330 interdum
510 3259 637 3333 utitur
657 3258 878 3363 antiquatis*
891 3270 931 3331 et
949 3281 1075 3362 prope
1094 3251 1295 3347 obsoletis,

49 3491 54 3499 ,
158 3406 185 3505 j
222 3430 348 3509 quum
369 3432 413 3482 ea
434 3422 568 3483 censet
595 3408 720 3485 animi
749 3409 813 3487 sui
839 3409 961 3484 sensis
977 3404 1133 3485 melius
1164 3401 1294 3506 expla-

217 3527 363 3632 nandis
384 3555 656 3635 accomodata:
682 3583 813 3662 neque
834 3556 1020 3639 translata
1042 3557 1161 3634 etiam
1182 3551 1299 3645 dubi<

221 3715 280 3779 tat
300 3703 506 3796 adhibere,
535 3734 636 3811 quae
664 3707 759 3788 viris
790 3722 999 3786 emunctae
1026 3706 1130 3784 naris
1157 3698 1295 3809 paullo
1411 3706 1414 3714 '

223 3849 429 3930 audaciora
448 3851 575 3934 videri
594 3873 781 3959 possunt,
803 3853 1019 3958 dummodo
1038 3879 1170 3958 pressa
1191 3851 1293 3942 sint,

224 3999 419 4090 efficacia,
440 4017 479 4080 et
498 4031 686 4109 magnum
706 4000 896 4109 quiddam
915 4000 1185 4106 significantia.
