2888 4748
402 342 593 411 srttuu
616 334 964 415 socosrnmon
1183 376 1225 442 77

145 499 175 562 si
196 498 259 562 tuis
282 495 519 582 bostissueris?
534 498 692 585 Equidem
710 523 765 586 ego
785 497 869 562 solis
887 523 1017 587 regnum
1041 500 1133 565 trado
1143 503 1224 586 3fir·
1310 527 1316 541 ·

144 630 253 685 mum,
272 607 302 669 si
325 605 401 670 boni
424 608 533 686 eritis3
548 608 577 670 si
601 606 700 685 mali,
715 606 921 671 imbecillum.
945 611 1028 672 Nam
1052 610 1225 674 concordia

141 737 259 799 parvae
276 731 510 795 resanescant,
533 714 695 779 discordia
717 738 890 779 maxumae
914 714 1113 782 dilabuntur.
1142 721 1222 780 Cae·

143 835 247 885 terum
271 837 346 886 ante
367 821 423 886 lios
446 839 498 903 te,
512 822 671 910 Iugurtha
681 871 691 901 ,
707 823 764 908 qui
778 836 885 886 aetate
907 838 940 886 et
960 824 1120 907 sapientia
1133 825 1225 909 prior

144 951 199 1007 es,
223 953 263 992 ne
287 930 384 994 aliter
407 929 487 1017 quid
509 933 656 1010 eveniat,
676 929 842 1016 providere
865 928 964 996 decet.
987 933 1069 995 Nam
1085 932 1118 994 in
1135 934 1226 997 omni

144 1039 318 1102 certamine
335 1050 367 1117 ¹,
382 1039 439 1123 qui
463 1039 644 1125 opulentior
667 1054 735 1116 est,
758 1039 855 1102 etiam
870 1040 900 1102 si
914 1039 1032 1124 accipit
1052 1039 1225 1122 injuriam,

145 1159 276 1223 tamen,
298 1145 377 1231 quia
390 1144 465 1232 plus
480 1161 585 1231 potest
595 1196 605 1224 ,
613 1147 730 1230 faeere
747 1145 878 1210 videtur.
898 1149 957 1209 Vos
968 1160 1075 1209 autem
1090 1193 1099 1222 ,
1113 1145 1224 1215 Atltem

147 1249 204 1313 tat
226 1266 259 1314 et
282 1252 484 1339 Hiempsal,
505 1253 627 1332 colite,
651 1252 811 1317 observate
834 1253 932 1317 talem
954 1251 1039 1316 bunc
1066 1254 1166 1321 virum
1188 1263 1223 1318 ⁸:

146 1360 321 1423 imitamini
344 1362 517 1425 virtutem:
540 1376 573 1425 et
595 1362 770 1441 enitimini,
792 1385 832 1426 ne
856 1385 911 1446 ego
935 1360 1081 1425 meliores
1105 1360 1224 1426 liberas

47 1482 53 1498 ¹
145 1469 294 1530 sumsisse
319 1468 445 1546 ridear,
469 1493 565 1556 quam
587 1471 746 1553 genuisse.

192 1573 256 1641 XL
273 1573 326 1639 Ad
342 1598 378 1640 ea
390 1575 411 1640 J
414 1576 573 1665 ugurtha,
593 1576 720 1642 tametsi
735 1599 841 1665 regem
856 1575 931 1642 ficta
945 1575 1090 1642 locutum
1105 1571 1116 1610 ³
1130 1575 1224 1641 intel·

92 1740 95 1745 .
144 1681 284 1771 ligabat,
299 1683 414 1773 etipse
429 1683 524 1773 longe
540 1684 632 1750 aliter
648 1684 754 1749 animo
772 1685 926 1773 agitabat:
948 1699 1054 1749 tamen
1069 1707 1129 1774 pro
1144 1699 1223 1749 tem-

145 1813 224 1880 pore
239 1790 377 1880 henigne
392 1791 565 1880 respondit.
579 1791 717 1881 Micipsa
732 1792 844 1881 paucis
859 1805 932 1881 post
947 1791 1060 1856 diebus
1076 1791 1223 1857 moritur.

145 1898 322 1986 Postquam
330 1898 379 1961 illi
387 1920 475 1962 more
491 1897 578 1986 regio
594 1883 876 1986 justa⁴magnifice
885 1897 1035 1978 fecerant,
1044 1898 1148 1987 reguli
1162 1899 1174 1936 ⁵
1187 1899 1222 1964 in

147 2026 250 2070 unum
268 2027 466 2085 convenere,
487 2019 525 2069 ut
546 2006 631 2070 inter
654 2028 688 2070 se
710 2004 750 2070 de
772 2004 897 2070 cunetis
916 2004 1052 2094 negotiis
1069 2006 1222 2096 discepta-

147 2126 228 2179 rent
246 2111 311 2176 Sed
326 2111 510 2201 Hiempsal,
525 2113 582 2201 qni
597 2098 750 2178 minimus
767 2137 805 2179 cx
820 2108 884 2178 illis
900 2127 979 2194 erat,
994 2127 1108 2178 natura
1123 2111 1223 2194 ferox,

67 2296 72 2304 ,
136 2218 244 2285 ,etiam
266 2231 360 2284 antea
382 2219 615 2308 ignobilitatem
638 2219 840 2310 Jugunhae,
863 2220 919 2309 qui
942 2235 1085 2287 materno
1107 2242 1227 2308 genere,

148 2326 242 2416 inpar
263 2339 347 2408 erat,
363 2325 562 2418 despiciens,
578 2327 915 2398 dextradtherbalem
938 2326 1078 2406 adsedit,
1094 2349 1134 2390 ne
1157 2349 1222 2391 me·

145 2433 219 2499 dius
236 2458 274 2500 ex
288 2433 403 2515 tribus,
419 2435 507 2524 quod
522 2433 609 2525 apud
624 2432 779 2502 Numidae
793 2429 805 2464 ⁶
819 2432 934 2500 honori
950 2433 1090 2514 ducitur,
1101 2433 1122 2501 J
1125 2457 1221 2529 ugur-

145 2539 308 2607 thelonea
325 2541 413 2605 Dein
428 2555 554 2622 tamen,
572 2555 608 2605 ut
623 2541 719 2605 aetati
735 2539 942 2621 concederet,
956 2538 1106 2630 fatigatus
1122 2563 1141 2604 a
1155 2540 1221 2616 fra}
1305 2577 1308 2588 ·

145 2660 195 2722 tte
209 2645 240 2728 ⁷,
255 2646 309 2714 vix
330 2648 365 2712 in
386 2662 511 2738 partem
526 2649 658 2715 alteram
673 2648 877 2714 transductus
893 2660 948 2713 est
966 2646 1016 2712 lbi
1031 2670 1106 2714 cum
1120 2647 1222 2714 multe

144 2753 186 2820 de
200 2753 453 2822 administrando
468 2755 604 2847 imperio
624 2755 834 2836 dissererent,
848 2755 1012 2846 Jugurtha
1034 2755 1118 2822 inter
1141 2754 1222 2822 alias

146 2885 196 2928 res
211 2862 291 2946 jacit
303 2856 334 2933 ⁸:
351 2879 493 2949 oportere
510 2867 724 2952 quinquennii
747 2864 895 2929 consulta
913 2880 946 2931 et
964 2864 1097 2931 decreta
1113 2867 1222 2928 omnia

145 2971 285 3035 rescindi
298 2963 331 3050 ’ς
346 2984 422 3035 nant
440 2996 501 3059 per
523 2997 564 3038 ea
586 2989 729 3059 tempora
744 2974 923 3057 consectum
938 2974 1033 3036 annis
1049 2975 1219 3058 Micipsam

138 3102 259 3163 parum
273 3077 381 3149 animo
397 3078 542 3152 valuisse.
560 3085 638 3146 Tum
652 3080 736 3146 idem
753 3080 920 3171 Hiempsal
932 3080 1062 3166 plaeere
1078 3080 1141 3144 sili
1155 3102 1220 3154 res<

170 3322 181 3359 r
203 3303 240 3360 In
251 3304 329 3361 omni
341 3304 514 3365 dissensione
527 3309 577 3384 qui
589 3320 666 3365 aeta·
704 3307 764 3376 tha,
777 3308 828 3384 qui
845 3308 935 3368 diviso
946 3328 1035 3387 regno
1044 3309 1129 3388 parvi
1140 3326 1221 3386 reges

147 3391 175 3436 te
195 3393 224 3436 et
245 3380 374 3456 potentia
391 3384 543 3452 antecellit,
553 3383 668 3449 videtur
705 3396 794 3443 erant.

147 3474 233 3513 eausa
245 3475 306 3512 esse
326 3455 503 3526 discordiae;
523 3457 668 3517 humanus
723 3460 792 3517 osu
814 3460 869 3537 ple:
878 3461 1222 3538 etiamapudNumidas,·

147 3553 273 3609 namque
285 3532 398 3590 animus
409 3553 522 3612 semper
534 3533 666 3597 debiliori
704 3535 782 3612 apud
792 3481 946 3594 llomanos
966 3539 1041 3594 enim
1060 3537 1141 3594 locus
1160 3557 1221 3595 me·

147 3609 231 3666 lavet.
703 3611 768 3668 dius
780 3626 840 3669 erat
849 3634 966 3690 quoque
974 3613 1220 3674 honoratissimus.

167 3703 184 3740 2
207 3683 606 3764 Talisadlaudem,etquod
614 3709 666 3748 no·
724 3709 741 3766 7
763 3688 882 3766 Saepius
903 3687 1031 3765 rogando
1056 3702 1087 3745 et
1114 3688 1220 3746 adhor-

146 3770 189 3817 tet
199 3773 291 3817 certas
302 3774 331 3818 et
342 3763 469 3838 cognitas
479 3765 607 3822 virtutes.
703 3763 803 3834 tando,
813 3778 845 3822 ut
862 3766 892 3820 in
907 3762 1067 3840 Jugurthae
1079 3765 1221 3821 sinistram

166 3833 184 3891 3
203 3835 269 3894 Non
288 3857 325 3894 ex
342 3837 623 3910 benevolenti-,sed
630 3860 667 3900 ex
704 3841 847 3910 transiret,
865 3860 956 3916 eoque
973 3853 1058 3916 pacto
1077 3841 1221 3918 Jugurthe

148 3924 235 3972 metu.
705 3916 816 3974 medius
838 3917 919 3974 loret.

166 3987 186 4058 4
206 3989 350 4067 Exequies
369 3993 513 4055 funebres.
725 3999 741 4050 8
761 3993 857 4068 Injirit
868 3992 1047 4051 mentionem.

165 4062 363 4145 §Atherbah
380 4071 538 4150 Hiempsal,
557 4073 666 4149 Jugur-
723 4068 1012 4151 9Dissolvietirrita
1030 4067 1119 4140 reddi,
1174 4043 1177 4050 i
