2888 4748
332 303 690 410 rnroromnss
717 314 1082 398 corruerimus
1165 341 1236 413 '197

167 489 316 585 Populus·
329 495 493 560 Romanus
509 494 606 584 paulo
630 505 701 556 ante
724 488 866 580 gentium
893 482 1090 560 moderator,
1121 493 1234 544 exutus
1318 511 1320 515 v

167 603 321 690 imperio,
336 604 455 692 gloria,
472 606 561 686 jure,
577 597 718 688 agitandi
734 598 829 686 inops
852 587 1098 681 despectusque,
1114 610 1155 651 ne
1171 609 1233 652 ser·

164 710 242 774 rilin
259 710 388 798 quidem
404 711 553 774 alimenta
569 720 578 743 ¹
594 705 717 794 reliqua
732 703 836 787 habet.

126 824 128 830 ’
212 817 270 882 IV.
297 817 466 882 Sociorum
487 831 518 880 et
535 815 620 879 Latii
636 811 835 902 magnatis,
850 807 980 876 civitate
1001 831 1060 899 pro
1076 804 1186 869 multis
1203 816 1236 876 et

164 924 299 1012 egregiis
315 925 407 989 factis
430 948 448 987 a
471 924 561 990 vobis
578 921 669 1001 duta,
684 942 742 1009 per
757 941 859 984 unum
874 916 1106 1006 prohibentur:
1121 927 1153 976 et
1169 912 1234 1001 ple,

166 1028 215 1095 bis
231 1031 379 1095 innoxiae
394 1031 512 1120 patrias
535 1029 624 1095 sedes
641 1029 837 1116 occupavere
852 1023 950 1114 pauci
965 1023 1137 1100 satellites,
1153 1042 1232 1084 men.

164 1138 276 1204 cedem
293 1137 455 1202 scelerum.
473 1137 595 1226 Leges,
610 1136 750 1220 judicia,
765 1132 943 1212 aerarium,
965 1131 1170 1221 provinciae,
1186 1152 1234 1194 re-

166 1269 239 1333 ges,
254 1267 351 1332 penes
366 1268 488 1322 unum3
512 1243 650 1332 denique
673 1242 760 1308 necis
782 1241 920 1320 civium,
943 1254 975 1304 et
994 1241 1078 1307 vitae
1094 1236 1232 1309 licentia,

168 1352 274 1415 Simul
296 1352 450 1417 humanas
473 1350 753 1417 hostias'ridistis
780 1365 811 1414 et
835 1347 1004 1437 sepulchra
1026 1347 1144 1423 infecta
1160 1369 1232 1411 san-t

164 1459 262 1547 guina
273 1445 366 1524 cirili.
384 1460 481 1525 Estne
495 1460 572 1526 viris
588 1459 708 1548 reliqui
720 1458 818 1538 aliud,
828 1480 924 1547 quam
936 1455 1058 1523 solvere
1066 1455 1231 1539 injuriam,

164 1579 220 1642 aut
243 1567 324 1630 mori
347 1589 405 1656 pcr
427 1567 578 1634 virtutem
596 1572 610 1630 l
627 1568 788 1651 Quoniam
812 1567 942 1657 quidem
964 1589 1067 1631 unum
1083 1564 1248 1643 omnibusx

164 1671 260 1736 finem
284 1689 408 1755 natura,
431 1675 581 1742 rclferro
602 1677 710 1765 septis,
727 1663 856 1741 staluit:
874 1696 977 1763 neque
995 1675 1169 1762 quisquam
1180 1694 1229 1737 ex*

164 1793 296 1845 tremam
320 1782 537 1847 necessitatem
560 1783 642 1845 nihil
665 1807 780 1864 ausus,
812 1785 875 1848 nisi
894 1782 1055 1856 ¹muliebri
1085 1779 1230 1869 iugenio,

163 1902 329 1977 exspectat.
354 1888 478 1954 Verum
493 1911 550 1978 ego
568 1889 747 1971 seditiosus,
763 1891 810 1954 uti
830 1891 919 1954 Sulla
935 1889 999 1970 ait,
1015 1887 1071 1979 qui
1087 1888 1229 1980 praemia

164 1994 329 2057 turbarum
346 2018 472 2080 queror3
488 2011 519 2060 et
532 1997 653 2061 bellum
668 2000 812 2088 cupiens,
829 1999 904 2087 quia
919 2000 992 2082 jura
1006 1999 1227 2088 pacis'repeto.

114 2097 125 2107 '
206 2099 247 2162 V.
268 2099 407 2179 Scilicet,
425 2103 500 2191 quia
515 2126 580 2168 non
597 2105 688 2168 aliter
708 2107 787 2172 salvi
810 2107 950 2194 satisque
966 2106 1027 2170 tuti
1043 2106 1077 2169 in
1093 2107 1229 2194 imperio

174 2203 277 2285 eritis,
299 2206 361 2270 nisi
383 2208 510 2276 Vettius
534 2212 667 2296 Picens,
683 2215 785 2280 scriba
803 2211 972 2280 Cornelius
990 2219 1002 2258 ³
1024 2214 1127 2280 aliena
1146 2215 1227 2280 bene

161 2332 271 2406 parata
286 2317 500 2409 prodegerint:
514 2320 576 2386 nisi
593 2317 842 2412 adprobaveritis
858 2323 960 2392 omnis
975 2323 1226 2414 proscriptiones

159 2424 364 2489 innoxiorum
387 2428 428 2491 ob
449 2428 575 2496 divitias
590 2425 613 2492 ⁴:
637 2431 796 2495 cruciatus
813 2433 954 2498 virorum
971 2433 1157 2509 illustrium-3
1173 2454 1227 2496 ra·

162 2546 243 2611 stam
259 2533 369 2596 urbem
385 2533 461 2623 fuga
473 2550 504 2600 et
512 2536 673 2602 caedibus:
691 2538 775 2602 bona
791 2540 909 2605 civium
925 2539 1227 2628 miserorum,quasi

162 2637 354 2704 Cimbricam
370 2644 521 2731 praedam
537 2643 558 2724 ⁵,
573 2669 689 2711 renum
711 2661 766 2710 aut
791 2647 874 2710 dono
890 2647 1004 2711 datam.
1024 2647 1067 2712 At
1087 2648 1225 2730 objectat

162 2746 242 2809 mihi
251 2751 467 2836 possessiones
484 2775 522 2816 ex
536 2753 628 2817 bonis
644 2755 908 2844 proscriptorum:
919 2755 1005 2842 quod
1022 2753 1149 2847 quidem
1160 2778 1225 2820 sce·

164 2853 266 2919 lerum
283 2852 371 2922 illius
386 2859 437 2928 vel
452 2882 636 2928 maxumum
659 2876 724 2946 est,
750 2885 813 2929 non
838 2886 888 2927 me
912 2885 1016 2952 neque
1033 2883 1227 2953 quemquam

180 3074 191 3110 1
213 3057 315 3136 Leges
335 3059 469 3121 Graccho
489 3061 546 3122 lata
559 3086 594 3123 cx
606 3086 671 3123 aere
708 3076 738 3123 et
747 3067 881 3142 singulas
891 3066 1030 3140 corporis
1037 3072 1141 3139 partes
1151 3078 1223 3117 con.-

155 3132 295 3204 pubblico
315 3141 395 3214 quini
415 3143 502 3200 modii
514 3145 600 3202 tritici
612 3144 668 3200 sin·
698 3146 862 3219 fringeret.
876 3139 938 3200 Val.
951 3142 1027 3195 Max.
1040 3140 1057 3196 l.
1069 3159 1097 3213 9,
1108 3159 1130 3193 c.
1144 3155 1168 3191 a.

154 3207 228 3291 gplis
251 3216 396 3276 mensibus
424 3241 482 3294 pau
506 3222 602 3278 eribus
632 3220 671 3275 ci·
728 3217 854 3274 SSullae
863 3216 1031 3292 rapinarum
1040 3213 1168 3273 ministri,
1180 3211 1225 3268 De

153 3281 238 3340 ribus
269 3289 374 3346 viritim
404 3294 485 3351 dist'
509 3297 670 3358 nebantur,
711 3293 845 3349 Cornelio
858 3309 906 3348 scu
920 3291 1110 3368 Chrysogono
1122 3288 1223 3343 diffuse

159 3375 299 3432 quantum
309 3370 396 3426 servis
406 3371 440 3426 da
477 3372 593 3428 solebat.
608 3369 672 3426 Sul·
711 3368 809 3424 scribit
832 3367 933 3423 Cicero
956 3369 986 3422 in
1010 3369 1154 3422 Oratione
1162 3380 1226 3439 pro

150 3429 430 3519 la‚rerump01itu
457 3490 465 3517 ,
490 3448 565 3504 banc
582 3446 672 3522 legem
711 3448 803 3500 Sexto
816 3446 932 3500 Roscio.

151 3507 351 3589 ‘'bmgflvel'fll·
728 3521 746 3591 4
765 3520 870 3575 Multos
895 3518 972 3576 Sulla
990 3516 1157 3593 proscripsit
1178 3516 1222 3570 in-

172 3601 187 3638 2
201 3589 260 3658 Qui
272 3595 308 3649 ad
321 3597 474 3673 sepulchra
485 3597 672 3657 Sullanorum¹
708 3609 819 3664 sontes,
832 3609 864 3652 ut
876 3614 944 3654 suos
956 3595 1061 3650 divitiis
1074 3593 1209 3668 exploret.

151 3665 238 3722 occisi
250 3667 372 3728 strarant.
385 3676 555 3732 Praesertim
574 3676 667 3732 innuit
726 3673 742 3730 5
754 3674 879 3739 Cimbri,
892 3670 1063 3728 Germaniae
1082 3666 1184 3745 populi
1204 3688 1221 3724 a

150 3739 260 3814 tristem
281 3751 364 3805 Marii
384 3751 520 3807 Gaditani
543 3753 667 3816 exitum,
706 3750 797 3804 Mario
809 3748 971 3824 profligati,
989 3764 1051 3800 eam
1074 3745 1220 3820 regionem

152 3831 238 3885 quem
255 3843 315 3897 per
335 3847 391 3882 ora
413 3827 492 3900 vulgi
512 3827 554 3881 ad
570 3828 667 3900 scprt'l-
707 3839 833 3891 tenuere,
846 3833 1055 3896 quaenuncest
1063 3840 1130 3895 pars
1139 3821 1220 3894 regni

149 3891 253 3950 ebrum
276 3903 419 3974 Lutatiae
439 3900 538 3976 gentis
547 3911 667 3976 pertra-
705 3901 834 3966 Daciae,
847 3912 873 3953 et
888 3898 1035 3956 Cinthrc'ca
1051 3898 1218 3960 Chersone-

149 3973 247 4038 ΝΜ,
268 3994 329 4031 non
338 3984 423 4052 prius
444 3983 505 4033 vita
514 3982 666 4053 privavit,
704 3997 753 4036 sus
766 3975 840 4033 dicta
853 3987 902 4032 est.

147 4063 239 4118 quam
260 4054 364 4112 oculos
383 4055 513 4133 ireselr'cis
530 4060 666 4122 erueret,
