2888 4748
164 463 1229 525 m

371 733 414 810 C.
456 729 658 809 CRISPI
698 726 1025 807 SALLUSTI'I

643 967 751 1016 VIM

160 1294 342 1418 Soranum
367 1347 462 1438 gestit
477 1347 619 1414 humana
635 1364 667 1415 et
681 1347 916 1440 quodammodo
933 1345 1109 1440 triumphat
1126 1344 1153 1414 si
1169 1371 1232 1440 qua

156 1469 240 1535 forte
255 1470 289 1535 in
305 1471 369 1536 illis
385 1472 463 1538 vitia
479 1474 692 1562 perspexerit,
708 1473 766 1564 qui
782 1473 887 1540 verbis
904 1487 936 1539 et
951 1473 1078 1563 scriptis
1094 1472 1231 1537 aliorum

158 1614 191 1656 se
215 1592 383 1682 magistros
400 1609 431 1660 et
448 1617 594 1662 censores
613 1619 681 1662 esse
702 1597 888 1686 gloriantur.
913 1597 983 1661 Hac
1007 1594 1091 1662 euim
1107 1594 1231 1659 ratione

154 1714 296 1803 pudori,
320 1717 377 1808 qui
393 1741 431 1782 ex
447 1741 580 1783 suorum
597 1719 792 1784 conscientia
806 1718 958 1786 vitiorum
974 1717 1091 1807 cuique
1108 1716 1230 1798 oritur,

155 1836 218 1901 sibi
238 1838 365 1905 videtur
385 1841 576 1906 consultum.
602 1841 652 1906 Ita
676 1839 713 1906 fit
732 1855 769 1906 ut
794 1840 951 1925 ejusmodi
968 1839 1228 1931 praeceptoribus

154 1961 273 2027 nedum
295 1962 449 2029 levissimi
477 1985 727 2052 communesque
755 1987 898 2044 errores,
922 1963 1015 2053 quasi
1042 1962 1227 2052 gravissime

153 2083 374 2174 peccaverint,
395 2084 645 2175 exprobrentur3
669 2085 798 2180 seduvel
822 2088 892 2178 ipsa
915 2087 1011 2152 etiam
1034 2085 1228 2176 quandoque

153 2229 265 2272 eorum
285 2207 417 2273 honeste
434 2207 517 2274 facta
540 2209 650 2276 dolose
672 2209 707 2274 in
731 2210 847 2276 malam
870 2225 994 2299 partem
1016 2208 1226 2296 detorquean-

151 2343 213 2396 tur.
224 2329 309 2395 Hinc
325 2329 446 2397 factum
466 2347 524 2414 est,
541 2346 578 2398 ut
594 2332 784 2397 Sallustium
799 2354 906 2397 rerum
915 2333 1134 2396 Romanarum
1150 2327 1225 2393 scri-

149 2468 281 2544 ptorum
297 2453 391 2519 facile
406 2455 597 2544 principem,
611 2453 668 2543 qui
682 2453 773 2517 libris
792 2454 858 2518 suis
875 2455 908 2517 in
925 2474 1041 2543 pravos
1056 2450 1224 2517 hominum

149 2597 254 2639 mores
279 2575 425 2642 acerbius
449 2591 496 2642 est
518 2577 682 2658 invectus,
711 2576 859 2653 nonnulli
881 2575 1052 2668 posteriori
1075 2597 1153 2642 aevo
1176 2573 1222 2640 vi·

147 2698 268 2764 tiorum
296 2699 531 2788 criminumque
561 2699 837 2793 insimulaverint,
860 2723 942 2789 quae
971 2698 1100 2788 quidem
1128 2720 1222 2764 nemo
1285 2738 1287 2743 ·

146 2844 224 2887 suae
253 2821 363 2888 aetatis
392 2823 528 2914 scriptor
555 2846 699 2912 unquam
728 2822 934 2905 memoravit,
958 2821 1082 2890 etiamsi
1104 2821 1221 2887 horum

147 2946 295 3011 nonnulii
312 2970 386 3014 cum
403 2970 440 3012 eo
457 2948 563 3038 palam
582 2945 766 3013 inimicitias
790 2945 1008 3028 exercuerint,
1031 2943 1086 3012 ulii
1110 2941 1219 3010 adver·

87 3142 91 3153 Ι
146 3090 198 3133 sas
222 3086 328 3159 partes
353 3071 455 3137 secuti
479 3073 550 3137 sint

192 3192 340 3259 Lenaeus
357 3193 488 3283 quidam
501 3196 647 3286 Pompeii
662 3196 769 3285 magni
781 3195 926 3277 libertus,
939 3194 1074 3287 primus,
1083 3193 1132 3260 uti
1142 3194 1217 3264 Sue·

144 3312 253 3379 tonius
276 3313 372 3380 refert
390 3324 419 3398 ¹,
443 3331 480 3383 ut
503 3342 598 3384 suurn
621 3342 695 3408 erga
717 3319 845 3408 patroni
868 3319 1054 3383 memoriam
1077 3340 1218 3386 antonem

143 3450 328 3517 ostentaret,
343 3439 547 3506 acerbissima
562 3457 668 3530 satyra
683 3465 757 3506 eum
772 3441 933 3522 laceravit,
948 3445 1011 3506 sita
1026 3445 1214 3528 scriptisque

140 3575 354 3626 monstrosum.
376 3560 560 3650 appellans,
588 3567 780 3651 Catonisque
809 3565 972 3631 verborum
1004 3563 1213 3629 ineruditissi-

143 3706 228 3744 mum
249 3683 370 3767 furem.
397 3682 523 3748 Deinde
553 3685 669 3775 aliquis
699 3688 837 3753 incertae
856 3686 975 3753 aetatis
1002 3683 1130 3765 rhetor,
1157 3682 1213 3772 sed

142 3818 226 3868 certe
248 3804 350 3869 multo
373 3805 550 3895 posterior,
573 3809 649 3900 styli
672 3811 838 3879 exercendi
862 3811 983 3902 gratia,
1001 3808 1143 3899 geminas
1160 3806 1211 3874 de·

164 4055 175 4093 1
199 4034 243 4090 De
262 4035 311 4090 illo
331 4058 418 4115 gram.
441 4060 464 4099 c.
489 4039 532 4101 15.

238 4133 310 4207 VJ.
