2888 4748
226 332 286 413 ,82
454 347 457 352 ·
516 327 553 389 a.
579 325 727 390 ceretu
754 326 995 394 sannusnn

221 477 401 569 sperabant.
429 475 589 540 Sertorius
604 477 754 542 barbaros
770 479 865 543 armis
882 478 1073 566 Italicaeque
1097 475 1288 567 disciplinae

220 583 437 664 consuefecit,
455 607 492 647 ae
507 584 595 659 brevi
618 585 789 649 exereitum
809 587 976 666 instruxit,
998 589 1091 670 eujus
1114 609 1174 675 ope
1198 609 1284 652 eom-

222 694 331 784 plures
363 705 471 780 gentes
503 691 649 778 subegit,
675 691 801 756 Cottam
823 691 929 773 fudit,
961 691 1130 762 Aufidium
1157 693 1287 760 Beticae

154 796 157 800 ’
222 799 420 890 praefectum
443 797 584 884 fugarit3
609 796 837 886 Metellumque
859 800 966 889 ipsum
992 800 1099 866 virum
1121 801 1285 867 celeberri-

224 929 313 983 mum
336 908 370 971 in
390 928 444 980 eas
460 904 622 992 angustias
637 905 888 978 circumventum
903 906 1025 993 adegit,
1039 921 1076 971 ut
1091 907 1233 973 Lollium
1247 932 1287 973 ex

225 1014 331 1078 Gallia
347 1010 546 1075 Narbonensi
562 1025 593 1074 et
609 1010 798 1099 Pompejum
814 1013 916 1075 Roma
932 1036 1005 1077 cum
1021 1014 1113 1080 novis
1134 1015 1235 1104 copiis
1250 1015 1286 1080 in

224 1121 380 1186 auxilium
403 1141 517 1184 vocare
532 1131 662 1181 coaetus
677 1116 781 1181 fuerit
798 1118 983 1208 Pompejus,
998 1121 1172 1215 proconsul
1186 1122 1301 1210 impe-⁸

224 1228 339 1315 rioque
362 1247 436 1291 eum
452 1224 581 1290 Metello
596 1247 671 1313 par,
686 1225 825 1289 exercitu
840 1224 1049 1314 quadraginta
1069 1226 1181 1292 diebus
1201 1251 1289 1297 eone.

225 1347 357 1426 parato,
369 1333 440 1396 -iter
463 1332 543 1410 sibi,
566 1354 631 1395 non
655 1330 746 1395 antea
760 1345 933 1412 tentatum,
956 1356 1014 1422 per
1029 1356 1168 1399 summas
1184 1334 1287 1424 Alpes

225 1441 382 1530 aperuit,
411 1463 475 1526 (sua
504 1437 680 1502 Rhodanus
713 1438 908 1526 Ticinusque
937 1438 1070 1506 flumina
1096 1430 1283 1510 oriuntun‘.

227 1547 350 1615 Gallias
373 1545 580 1623 transcurrit,
603 1545 784 1632 Pyrenaeos
800 1546 973 1634 superavit,
988 1561 1082 1635 atque
1098 1548 1291 1637 Hispaniam.

226 1676 302 1723 eum
325 1653 454 1741 triginta
476 1651 619 1723 millibus
642 1651 785 1738 peditum
816 1667 848 1716 et
872 1653 959 1718 mille
983 1654 1143 1742 equitibus
1166 1655 1286 1743 ingres-

225 1784 282 1830 sus
305 1773 360 1825 est
385 1759 436 1822 Ibi
459 1757 546 1831 facili
569 1758 695 1846 negotio
719 1759 889 1825 Laletanae
912 1775 943 1825 et
967 1760 1117 1850 Ilergetes
1143 1760 1289 1842 domuit,

226 1867 365 1956 regionis
384 1865 471 1930 illius
493 1864 629 1944 ineolas,
644 1887 726 1952 quae
749 1863 842 1931 Ibero
865 1881 896 1931 et
919 1868 1090 1956 Pyrenaeis
1112 1868 1285 1952 interjacet

229 1975 294 2043 sed
321 1973 562 2064 superveniente
590 1973 752 2053 Sertorio,
778 1996 868 2054 sero,
893 1997 953 2039 neo
978 1974 1040 2061 levi
1070 1975 1120 2043 sui
1147 1975 1290 2043 nominis,
1403 2018 1415 2041 t

227 2085 375 2168 jactura,
405 2080 526 2159 sensit,
547 2093 668 2168 quanta
690 2079 725 2144 in
747 2079 888 2146 hostium
911 2081 992 2146 duee
1015 2080 1116 2147 virtus
1141 2095 1223 2148 esset
1255 2096 1288 2148 et

226 2191 274 2255 rei
297 2188 441 2255 militaris
465 2188 587 2278 peritia.
612 2187 671 2257 Ille
695 2186 857 2264 enim,-se
880 2187 1089 2276 inspectante,
1105 2189 1287 2255 Lauronem

227 2297 424 2366 foederatum
447 2292 602 2383 oppidum
625 2293 721 2383 oepit,
743 2293 801 2358 etsi
824 2293 997 2383 Pompeius
1012 2293 1061 2357 illi
1082 2294 1201 2367 auxilio
1215 2318 1288 2360 esse

228 2404 320 2470 enixa
338 2401 520 2468 studuisset
548 2402 653 2484 Quam
677 2400 717 2464 ob
740 2422 808 2464 rem
831 2398 933 2466 faetus
957 2399 1081 2467 cautior
1104 2400 1144 2465 ad
1162 2401 1297 2490 radiens

225 2509 469 2600 Pyrenaeorum
499 2508 642 2596 legiones
673 2505 876 2573 hibernatum
906 2505 1059 2585 reduxit,
1079 2506 1172 2582 ,inter
1200 2507 1311 2590 belli⁴

199 2639 316 2684 ,aosos
340 2615 550 2702 inimicosque
573 2613 719 2702 populos.
743 2612 794 2676 lbi
817 2613 960 2700 impense
983 2637 1017 2680 se
1040 2637 1180 2702 suosque
1203 2637 1289 2680 exer-

187 2744 320 2808 ,eene,
341 2736 378 2787 ut
400 2721 562 2785 laboribus
593 2718 766 2785 tolerandis
794 2734 1018 2785 assuescerent.
1050 2719 1189 2809 ipsemet
1216 2746 1289 2788 eum

230 2829 392 2894 alacribus
415 2828 500 2892 salta
512 2876 522 2905 ,
551 2851 623 2890 eum
647 2826 803 2889 velocibus
827 2851 921 2890 cursu
933 2876 943 2905 ,
966 2850 1038 2891 aum
1069 2828 1183 2897 validis
1205 2844 1290 2892 reete

228 2936 382 3004 certabat.
406 2938 516 3018 Neque
540 2936 625 2996 enim
649 2934 744 2998 aliter
765 2935 919 3018 potuisset
942 2959 1005 3019 par
1027 2958 1094 2999 esse
1130 2937 1290 3013 Sertorio,

226 3045 291 3107 nisi
313 3068 346 3134 aa
370 3056 406 3106 et.
425 3041 553 3104 milites
555 3039 785 3128 frequentibus
800 3041 964 3104 exercitiis
977 3042 1235 3128 praeparauerat.
1245 3041 1290 3106 ad

228 3150 353 3236 proelia
368 3153 391 3215 ⁸.
505 3214 507 3217 .

239 3307 242 3313 ,
276 3257 363 3322 Vere
377 3254 723 3337 ineunte,Herennius
738 3268 769 3319 et
785 3255 952 3342 Perpenna
970 3252 1101 3320 Sertorii
1116 3255 1212 3344 legati
1225 3256 1291 3323 Va-

229 3360 370 3428 lentinos
391 3385 519 3451 campos
541 3383 615 3439 eum
638 3361 747 3428 castris
770 3360 969 3442 insidebant,
994 3364 1077 3426 inter
1096 3363 1187 3425 laeva
1208 3387 1290 3427 mae-

231 3473 320 3536 nium
345 3486 376 3534 et
399 3470 546 3533 dextram
560 3471 684 3549 flumen
705 3470 872 3548 Ybariam,
887 3470 973 3555 qaod
996 3470 1173 3534 Valentiam
1194 3494 1291 3554 pareo

228 3577 399 3645 intervallo
414 3577 609 3663 praeterfluit
624 3576 645 3645 ³..
661 3577 730 3640 Hoe
746 3575 1065 3666 cognito,Pompejus
1079 3577 1151 3641 illos
1167 3575 1290 3640 adortu-

232 3702 288 3751 rus
303 3684 476 3750 exercitum
498 3706 536 3748 ex
555 3681 697 3750 hibernis
721 3682 845 3764 eduxit,
869 3696 963 3771 atque
978 3683 1214 3776 opportunitate
1229 3681 1292 3746 loci

257 3950 268 3988 1
291 3933 384 3990 Hodie
405 3938 433 3990 S.
458 3919 614 3995 Gittardo.
800 3933 818 3996 3
837 3936 919 4015 Frag.
940 3953 1004 3993 211.
1104 3898 1105 3902 =

252 4019 270 4064 '2
290 4009 373 4088 Frag.
395 4009 456 4082 204.
999 4009 1005 4016 ¹
