2888 4748
354 332 541 404 aaaron
565 323 900 405 ruennrnmuu
1117 343 1160 431 s,

101 507 170 566 lunt
184 489 321 572 lumine,
336 489 452 554 milites
468 489 674 578 Jugurthini,
690 491 779 580 signo
794 491 880 571 dato,
902 502 1003 559 castra
1022 489 1163 580 hostium

102 601 274 679 invadunt,
291 599 497 664 semisomnos
516 599 650 687 partim,
665 597 744 662 alios
766 620 861 661 arma¹
874 610 1031 662 sumentes
1051 598 1163 699 fugant

102 709 312 797 funduntque.
329 705 483 770 Atherbal
505 726 579 769 cum
601 704 713 795 paucis
734 703 894 792 equitibus
918 702 1039 768 Cirtam
1053 705 1162 795 profu-

102 817 167 906 git:
187 830 236 896 et,
258 815 293 879 ni
315 813 486 877 multitudo
507 826 685 900 togatorum
707 815 716 840 ¹
742 809 854 875 luisset
869 809 993 898 ,quae
1008 811 1164 879 Numidas

102 923 305 1012 insequentes
321 920 486 1010 moenibus
508 918 689 1007 prohibuit,
710 939 777 982 uno
800 917 851 982 die
872 917 954 981 inter
977 918 1056 982 duos
1075 942 1165 1009 reges

103 1042 252 1119 coeptum
276 1042 370 1114 atque
392 1040 552 1114 patratum
575 1025 694 1090 bellum
714 1024 802 1089 foret.
819 1024 921 1113 Igitur
936 1025 1096 1113 Jugurtba
1110 1051 1166 1117 op·

101 1136 214 1226 pidum
234 1132 446 1199 'circumsedit
471 1158 479 1195 ι
514 1131 648 1199 rineis'
682 1131 914 1220 turribusque,
950 1146 983 1195 et
1009 1133 1166 1201 machinis
1212 1218 1217 1228 ‚

103 1243 248 1307 omnium
264 1261 416 1329 generum
431 1261 611 1329 expugnare
627 1237 808 1326 adgreditur
827 1264 834 1301 ι
853 1261 999 1302 maxume
1014 1238 1166 1308 festinans

103 1361 227 1437 tempus
243 1348 417 1436 legatorum
434 1359 718 1434 antecapere,quos
731 1359 803 1410 ante
817 1345 977 1434 proelium
992 1345 1111 1412 sactum
1127 1348 1168 1414 ab

65 1466 77 1485 ’
104 1453 277 1518 Atherbale
292 1454 428 1518 Romam
447 1453 560 1518 missos
584 1453 755 1519 audiverat.
774 1452 837 1516 Sed
855 1466 1024 1542 postquam
1040 1471 1168 1522 senatus

105 1560 243 1625 debello
259 1584 375 1625 eorum.
385 1560 526 1650 accepit,
546 1575 610 1625 tres
626 1558 841 1625 adulescentes
856 1557 890 1621 in
907 1557 1050 1624 Africam
1063 1562 1170 1652 legan-

106 1680 187 1744 tur3=
201 1667 257 1756 qui
279 1668 388 1732 ambos
409 1689 498 1756 reges
520 1667 634 1731 adeant
652 1694 660 1744 3
685 1681 811 1731 senatus
832 1667 1008 1755 populique
1031 1668 1170 1735 Romani

105 1771 211 1839 verbis
226 1775 392 1853 nuncient,
413 1775 491 1837 velle
508 1789 540 1838 et
553 1797 679 1837 censere
701 1766 713 1803 ³
733 1797 785 1837 eos
809 1772 848 1835 ab
871 1776 967 1845 armis
987 1769 1170 1843 discedere:

74 1961 77 1975 .
105 1881 144 1944 de
162 1884 377 1946 controversiis
393 1883 479 1958 suis,
499 1884 571 1964 jure
591 1882 718 1965 potius,
740 1903 835 1963 quam
859 1879 942 1942 bello
965 1880 1170 1968 disceptaret

106 1990 153 2050 ita
176 2011 271 2073 seque
297 1989 424 2072 illisque
449 1988 576 2071 dignum
601 2010 676 2049 esse,
1079 2000 1081 2005 '

152 2094 264 2158 XXV.
289 2093 400 2181 Legati
415 2094 448 2155 in
466 2091 608 2157 Africam
623 2106 817 2157 maturantes
832 2091 979 2173 veniunt,
1000 2117 1037 2160 eo
1052 2097 1171 2187 magis,

107 2198 194 2288 quod
208 2199 346 2279 Romae,
360 2198 437 2263 dum
453 2197 612 2288 proficisci
627 2214 759 2288 parant,
781 2199 820 2264 de
835 2200 956 2289 proelio
972 2199 1055 2267 facto
1070 2216 1102 2268 et
1117 2205 1171 2268 ob·

105 2306 299 2396 pugnatione
317 2306 422 2370 Cirtae
446 2305 655 2371 audiebatur:
679 2306 734 2370 sed
749 2307 776 2371 is
791 2329 901 2370 rumor
916 2307 1054 2373 clemens
1070 2323 1137 2375 erat
1149 2314 1171 2374 l.
1204 2322 1207 2330 '

108 2415 254 2496 Quorum
268 2413 429 2502 Jugurtha
446 2427 574 2500 accepta
595 2412 737 2474 oratione
759 2411 923 2499 respondit
944 2437 952 2475 ε
976 2413 1047 2477 Sibi
1069 2441 1171 2502 neque

106 2523 208 2603 majus
225 2520 412 2605 quidquam,
428 2543 530 2603 neque
548 2519 655 2580 carius
677 2519 867 2581 auctoritate
883 2521 988 2582 senati
1007 2546 1016 2583 .·
1038 2522 1079 2584 ab
1095 2524 1173 2586 adu·

106 2626 260 2688 lescentia
282 2649 341 2688 sua
364 2629 410 2689 ita
433 2649 465 2688 se
490 2627 634 2703 enisum,
657 2639 693 2687 ut
712 2625 751 2687 ab
769 2627 886 2710 optimo
911 2650 1035 2712 qnoque
1058 2629 1175 2714 proba·

107 2748 223 2812 retur:
255 2735 387 2812 virtute,
410 2757 474 2796 non
506 2732 652 2811 malitia,
677 2735 712 2795 P.
747 2734 911 2818 Scipioni,
934 2757 1055 2798 summo
1088 2739 1172 2817 viro,

105 2839 287 2924 placuisse:
310 2840 489 2903 abscedam
513 2855 596 2903 artes
619 2863 640 2902 a
665 2840 824 2924 Micipsa,
848 2864 911 2902 non
933 2844 1070 2926 penuria
1094 2843 1173 2908 libe-

107 2971 235 3025 rorum,
259 2948 292 3009 in
312 2971 451 3033 ‘regnum
482 2947 666 3032 adoptatum
696 2971 785 3025 esse3
808 2962 946 3010 ceterum
958 2997 967 3027 ,
991 2963 1058 3035 quo·
1075 2951 1172 3036 plura

108 3053 201 3118 bene
227 3071 322 3141 atque
361 3071 487 3118 strenue
501 3056 655 3138 fecisset,
679 3079 715 3119 co
740 3056 880 3117 animum
903 3078 995 3116 suum
1019 3057 1172 3137 injuriam

108 3162 212 3224 minus
235 3161 399 3225 tolerare:
424 3162 624 3226 Atherbalem
648 3161 728 3224 dolis
753 3165 833 3223 vitae
856 3184 933 3224 suae
958 3162 1172 3231 insidiatum:

107 3267 193 3350 quod
207 3266 262 3329 ubi
276 3271 489 3353 comperisset,
498 3273 566 3352 ejus
580 3264 695 3332 sceleri
710 3267 830 3330 obuiam
848 3268 927 3331 isse:
941 3270 1095 3354 populum
1112 3276 1172 3335 Rc·

102 3389 237 3434 ·manum
253 3397 353 3459 neque
371 3391 579 3460 recte,neque
594 3400 651 3461 pro
663 3375 1170 3464 benefacturum,siabjuregen·

62 3639 65 3644 .
127 3567 377 3645 rItalicorum‚qui
384 3570 543 3627 commercii
552 3589 619 3627 cau·
676 3568 693 3626 3
717 3573 800 3629 Velle
813 3570 847 3628 de
862 3571 971 3649 populo
983 3573 1112 3629 Romano
1130 3575 1171 3631 le-

109 3662 138 3701 sa
148 3646 265 3702 Cirtbae
275 3647 559 3714 commorabantur;'a
571 3667 619 3706 ve·¹
658 3668 722 3722 gem
731 3661 780 3704 aut
789 3648 842 3703 alia
851 3648 1040 3722 approbante,
1049 3668 1170 3708 censere

110 3732 161 3789 ste,
173 3741 230 3796 qua
239 3721 404 3790 utebantur,
416 3722 504 3797 togati
515 3721 590 3778 dicti.
659 3724 694 3780 de
706 3737 805 3779 senatu
817 3723 929 3778 dicitur.

129 3814 145 3850 a
168 3801 280 3867 Vinea,
291 3797 423 3854 maehina
438 3797 565 3854 militaris
576 3797 619 3854 vi·
676 3807 695 3869 4
713 3799 778 3855 Non
798 3800 897 3854 firmus
906 3809 934 3853 et
949 3809 1091 3865 constans,
1103 3813 1136 3855 ut
1144 3802 1171 3858 ei

108 3872 233 3928 minibus
250 3886 396 3942 contexta,
413 3873 466 3930 sub
479 3894 536 3948 qua
548 3872 619 3928 mili·
656 3872 813 3932 haberetur
823 3874 909 3941 lides3
930 3871 975 3930 vel
988 3873 1170 3934 minuebatur

110 3947 264 4079 qesbtutiad
273 3949 398 4008 hostium
409 3967 505 4008 muros
518 3969 619 4027 proce·
657 3971 717 4021 res,
736 3972 831 4026 neque
847 3963 905 4006 tarn
922 3961 1003 4004 atrox
1020 3948 1172 4028 dicipote·
1236 3956 1240 3961 ’

131 4035 224 4082 cant.
658 4041 710 4087 rat.
