2888 4748
342 332 650 402 COMPENDIUM
675 328 963 402 HISTORICUM
1127 339 1191 425 189

129 496 335 574 repugnante,
344 482 440 548 Ponti
449 504 582 570 regnum
590 482 752 570 ingressus
761 495 815 546 est
827 480 1028 546 Mithridates
1036 478 1192 546 militibus

91 583 96 597 ⁷
130 592 296 680 spoliatus,
311 589 405 668 fame,
421 588 504 654 ferro
521 588 699 678 pelagoque
712 582 841 678 penitus
858 587 1046 677 absumptis,
1062 584 1194 676 at're'gno

131 696 286 785 profugus
310 697 350 761 ad
371 719 436 776 eas,
456 701 538 785 qua'e
561 696 747 761 Caucasum·
757 709 897 759 montem
912 693 1067 774 incolunt,
1083 709 1193 782 gentes

135 803 280 868 secedere
308 816 447 868 coactus.
479 803 530 866 lbi
559 826 597 867 ex
620 803 661 867 iis
683 801 826 868 barbaris
848 801 1020 867 exercitum
1040 799 1196 867 enullavit

91 902 93 906 ὗ
131 909 277 998 peditum
292 909 500 999 qnadraginta
522 908 678 989 millium,
700 908 845 998 equitum
867 907 1005 973 millium
1027 907 1194 996 quinque;

133 1038 207 1081 cum
226 1017 330 1105 iisque
351 1016 387 1079 in
410 1038 543 1104 regnum
566 1018 731 1098 reversus,
754 1001 840 1106 apud
864 1015 1013 1080 Gabiram
1035 1014 1195 1095 constitit,
1233 1017 1236 1027 '

133 1123 189 1187 ubi
205 1145 311 1201 arma,
326 1124 519 1187 commeatus
540 1124 707 1211 ceteraque
722 1122 903 1188 renovando
918 1122 1002 1188 bello
1018 1118 1195 1186 necessaria

67 1238 70 1243 ’
133 1250 316 1317 comparare
331 1228 476 1293 instituit
494 1228 552 1293 His
568 1229 664 1295 rebus
679 1230 852 1310 nunciatis,
868 1229 1041 1309 Lucullus,
1058 1228 1195 1292 Murena

135 1335 259 1415 relicto,
283 1335 339 1423 qui
364 1333 511 1400 Amisum
531 1322 694 1401 obsidione
708 1350 849 1425 premat,
875 1336 1024 1399 Cabirum
1046 1357 1120 1400 cum
1143 1336 1197 1399 tri-

131 1440 196 1504 bus
211 1440 390 1529 legionibus
403 1440 624 1532 proficiscitur.
642 1443 781 1509 Levibus
797 1443 948 1531 utrinque
962 1441 1092 1531 proeliis
1108 1441 1196 1508 vario

135 1562 236 1613 marte
260 1571 353 1638 saepe
368 1548 554 1614 dimicatum
569 1564 634 1630 est,
650 1572 724 1616 cum
740 1564 874 1638 uterque
889 1549 1043 1614 instructa
1058 1550 1125 1613 acie
1139 1573 1197 1638 pu-

136 1677 234 1742 gnare
261 1668 423 1721 metueret
455 1656 673 1736 Mithridates,
705 1658 825 1746 quippe
856 1657 908 1722 cui
936 1671 1073 1744 quatuor
1097 1655 1197 1719 millia

135 1762 281 1849 equitum
297 1785 407 1826 recens
423 1784 442 1825 a
459 1763 563 1849 Scytis
573 1763 742 1851 ‘suppetias
757 1777 920 1842 venerant,
935 1763 1096 1827 Romanos
1112 1763 1197 1827 utin

134 1867 302 1956 planitiem
331 1867 576 1947 descenderent,
603 1867 797 1932 lacessebat:
822 1881 933 1932 contra
963 1868 1120 1933 Lucullus
1144 1871 1197 1934 cui

135 1974 240 2036 omnis
255 1973 374 2036 fiducia
387 1973 422 2035 in
437 1971 543 2060 pedite
559 1974 619 2037 sita
640 1987 725 2053 erat,
744 1988 781 2038 ut
800 1996 910 2062 pugna
925 1975 1101 2038 montuosis
1116 1975 1197 2063 locis

136 2079 409 2157 committeretur,
438 2078 577 2143 curabat
610 2080 706 2143 Cum·
722 2079 767 2145 ita
797 2080 916 2144 bellum
943 2081 1200 2169 produceretur,

136 2199 271 2273 utraque
286 2189 389 2251 castra
403 2183 513 2273 inopia
527 2185 574 2249 rei
588 2184 815 2251 frumentariae
830 2186 1031 2266 laborabant3
1042 2186 1097 2252 sed
1111 2188 1198 2275 regia

135 2291 364 2358 vehementius:
374 2290 531 2357 Lucullus
547 2292 632 2356 enim
641 2293 695 2358 eui
704 2293 930 2358 Ariobarzanis
940 2307 1196 2382 regnumatergo

136 2398 263 2462 suberat
271 2398 354 2463 bello
369 2399 653 2487 intactum,aliqua
668 2397 742 2462 inde
758 2398 899 2464 subsidia
915 2400 975 2464 sibi
985 2400 1197 2489 comparabat.

136 2505 258 2587 Quare
273 2503 392 2569 factum
408 2509 455 2570 est'
470 2518 507 2568 ut
521 2527 575 2569 rex
590 2505 631 2571 iis
650 2505 684 2569 in
707 2505 786 2569 loeis
803 2505 924 2573 diutius
946 2506 1007 2572 sibi
1027 2507 1197 2572 immoran-

135 2609 213 2674 dum
228 2633 293 2675 uon
309 2611 488 2694 censuerit,
502 2626 669 2701 castraque
687 2614 807 2679 moveri
830 2614 966 2698 jusserit
983 2613 1079 2682 Vallo
1095 2636 1196 2702 egres·
1296 2646 1299 2658 ¹

135 2740 187 2782 sos
196 2717 333 2782 Romani
349 2718 454 2784 subito
469 2718 591 2808 impetu
608 2719 711 2784 adorti
726 2735 813 2798 sunt3
829 2721 1010 2809 ibidemque
1026 2733 1057 2784 et
1071 2719 1105 2782 in
1121 2718 1197 2808 fuga

134 2847 243 2890 omnes
265 2825 306 2890 ad
329 2825 579 2891 internecionem
601 2826 794 2893 deleverunt.
813 2826 1013 2916 Mithridates
1037 2825 1140 2891 media
1161 2827 1197 2890 in

134 2931 228 2996 turba
243 2956 276 2997 se
291 2933 375 3001 vallo
389 2933 570 3023 proripiens
585 2956 704 3023 equum
719 2933 887 2998 insiliit:in
901 2932 1073 3022 fugientem
1090 2932 1197 2999 hostes

134 3060 154 3100 a
168 3052 255 3127 tergo
271 3039 424 3105 instantes
440 3043 504 3122 jam
519 3045 583 3124 jam
599 3063 711 3106 manus
726 3041 930 3124 injiciebant,
946 3062 1046 3128 quum
1063 3039 1129 3105 sive
1144 3061 1195 3106 are

133 3143 202 3209 sive
217 3167 310 3209 casus
326 3146 447 3225 tulerit,
462 3146 540 3211 dum
555 3162 688 3213 onustus
711 3170 788 3212 auro
804 3148 910 3212 mulus
925 3148 958 3210 in
973 3146 1025 3214 via
1041 3145 1195 3213 militibus

135 3249 248 3314 obvius
272 3249 408 3339 praedae
425 3251 564 3318 intentos
580 3253 717 3333 detinet,
739 3254 795 3318 ille
817 3277 850 3318 se
873 3277 910 3317 ex
932 3252 1017 3342 fuga*
1032 3251 1196 3317 Talaurim

132 3355 260 3444 recepit
287 3356 412 3419 Deinde
427 3378 468 3422 ne
490 3357 524 3419 in
547 3357 687 3423 hostium
702 3373 889 3447 potestatem
904 3360 1068 3439 venirent,
1089 3359 1195 3423 uxori-

132 3462 194 3531 bus
220 3461 445 3549 sororibusque
461 3461 526 3526 suis
549 3463 764 3528 miserandum
778 3466 811 3527 iu
827 3467 956 3531 modum
972 3465 1109 3544 necatis,
1124 3465 1196 3553 ipss

132 3569 167 3632 in
184 3567 369 3633 Armeniam
386 3567 425 3631 ad
441 3590 547 3656 regem
563 3570 751 3658 Tigranem,
766 3594 917 3661 generum
933 3593 1041 3651 sunm,
1057 3571 1194 3634 homini·

132 3675 193 3739 bus
210 3676 388 3764 opibusque
411 3674 644 3740 validissimum
668 3677 828 3766 confugit,
851 3700 988 3766 eumque
1009 3677 1049 3741 sd
1072 3676 1192 3741 bellum

134 3784 288 3847 Romanis
311 3781 513 3845 inferendum
534 3781 670 3871 impulit.
702 3785 859 3849 Lucullus
881 3784 920 3849 de
950 3804 1060 3847 eorum
1081 3804 1193 3870 regum

135 3889 354 3970 conjuratione
384 3889 501 3954 certior
529 3887 648 3969 factus,
671 3889 760 3978 Tigri
789 3904 820 3954 et
844 3889 1006 3979 Euphrate
1036 3888 1191 3972 trajectis,

137 3993 395 4088 Tigranocertam
430 3995 527 4066 totius
562 3995 733 4070 Armeniae
761 3994 939 4088 principem
968 3994 1079 4064 urbem
1108 3993 1189 4075 obsi,
