2888 4748
261 315 268 328 ‘
365 336 678 409 ¹colrtunnruu
702 332 991 405 nrsronrcuu
1117 340 1121 356 ’
1154 341 1242 407 sos

155 511 288 559 numero
304 493 458 581 'potiores
487 490 593 559 hostes
618 489 755 570 devicit,
785 488 1023 578 interfectisque
1053 488 1216 556 Herennio

155 599 264 664 decern
291 599 461 679 millibus,
493 597 662 667 Valentino
691 597 812 685 potitus
842 611 896 662 est.
925 595 1034 660 Rebus
1062 604 1233 686 prospere·

154 707 250 795 gestis
273 703 394 785 elatus,
409 729 483 775 cum
507 705 576 794 ipso
602 705 743 770 Sertorio
767 702 937 792 confligere
960 705 1160 794 properarit,
1175 727 1216 769 ne

153 812 303 882 Metellus
333 814 560 903 'superveniens
588 836 676 882 arma
704 835 812 882 secum
842 816 988 900 jungeret
1010 826 1042 879 et
1064 811 1218 889 victoriae

150 917 320 1009 laudisque
335 921 493 1011 particeps
509 919 606 989 fieret
633 920 685 989 Ad
702 921 879 989 Sucronem
902 917 1036 992 fluvium
1058 918 1216 985 exercituo

152 1027 420 1117 congredientum
435 1052 538 1118 aequo
553 1030 724 1098 certamine
748 1026 880 1117 digressi
904 1027 1000 1093 duces
1024 1027 1152 1122 utrique
1168 1023 1213 1090 vi·

152 1135 286 1198 storiam
309 1134 532 1200 conclamant:
559 1137 732 1226 Pompeius
755 1134 841 1226 quod
862 1133 1002 1203 hostium
1025 1133 1135 1198 castris
1159 1153 1215 1220 po-

152 1241 230 1305 titus
246 1241 303 1318 sit;
328 1241 488 1307 Sertorius
509 1243 618 1330 quod,
641 1244 895 1331 quibuscumque
918 1240 998 1306 locis
1021 1237 1216 1320 interfuerit,

152 1349 256 1414 victor
279 1348 423 1418 extiterit
446 1351 555 1433 Quum
578 1349 630 1414 die
652 1364 779 1438 postero
802 1348 957 1415 exercitus
972 1333 1145 1416 'cenflietui
1168 1346 1216 1411 in·
1263 1369 1272 1382 ·

150 1456 305 1544 tegrando
318 1481 356 1522 se
371 1481 405 1522 se
421 1458 633 1546 accingerent,
657 1457 846 1522 nunciatum
868 1469 917 1523 est
941 1453 1081 1524 Sertorio
1104 1452 1216 1527 Metel·

152 1561 221 1628 lum
244 1587 319 1629 curn
341 1565 521 1653 legionibus
544 1563 631 1629 baud
654 1565 767 1654 procul
791 1564 907 1631 abesse.
932 1564 1039 1646 Quare
1052 1559 1216 1631 'abstinuit

152 1693 281 1759 pugna:
312 1673 431 1761 copias
451 1672 486 1737 in
516 1672 677 1737 montibus
699 1671 876 1760 disposuit3
897 1670 976 1740 hine
996 1667 1217 1757 frequentibus

150 1773 339 1866 levibusque
358 1779 489 1868 proeliis
511 1779 617 1843 hostes
640 1802 783 1859 vexans,
805 1801 843 1844 ac
865 1777 988 1864 direpta
1011 1777 1133 1849 circum
1156 1796 1217 1840 un*

149 1883 245 1972 dique
268 1908 327 1974 per
350 1900 500 1950 aestatem
530 1885 678 1973 regione,
708 1907 762 1949 eos
785 1883 903 1973 inopia·
916 1882 964 1946 rei
989 1879 1217 1975 frumentariae

148 1991 213 2054 alio
249 1989 420 2079 confugere
442 1991 656 2079 uineaeque
694 1990 888 2057 exercituin
911 1990 1015 2056 Rome
1044 1987 1231 2077 efflagitare,

151 2111 262 2184 coegit
645 2143 661 2157 ‚,
976 2130 997 2138 ,.
1206 2151 1208 2158 ,

198 2202 262 2267 Sed
286 2202 356 2293 ipsa
379 2217 457 2270 tnnc
481 2204 633 2296 temporis
653 2202 893 2296 Romaingenti
907 2203 1073 2273 laborabat
1086 2200 1218 2272 caritate

152 2320 315 2391 annonae,
330 2325 400 2376 tum
415 2311 502 2402 quod
516 2315 634 2378 vitiosis
650 2314 844 2392 aestatibus,
859 2311 1111 2396 infoecunditatis
1129 2308 1217 2380 bien·

149 2420 198 2480 nii
210 2437 302 2504 grove
323 2423 462 2504 pretium
476 2421 640 2504 fructibus
655 2435 725 2483 erat
740 2425 769 2502 ¹,
791 2418 961 2508 tumquod
976 2417 1071 2482 multi
1085 2415 1218 2492 insidiis

151 2524 312 2588 lamonem
328 2542 520 2591 commeatus
536 2529 758 2608 interierant¹,
774 2528 831 2616 qui
846 2550 883 2592 ex
894 2525 1005 2591 Sicilie
1020 2524 1217 2594 adveheban-

150 2643 211 2694 tur.
240 2631 324 2698 irata
346 2633 456 2722 plebes
482 2635 517 2698 G.
535 2633 704 2703 Aurelium
722 2635 859 2716 Cottam,
873 2634 1049 2703 inveterato
1065 2634 1217 2703 adversus

150 2738 326 2804 nobilitatis
349 2740 489 2807 fautores
509 2742 582 2808 odio
599 2757 687 2824 acta,
707 2743 853 2808 miseriae
875 2743 1025 2832 publicae
1039 2741 1215 2808 incusabat

150 2844 210 2909 llle
226 2846 310 2910 enim
322 2846 470 2914 tribunus
487 2849 589 2939 plebis
604 2852 655 2919 vel
670 2850 711 2915 ab
724 2849 816 2916 initio
828 2848 977 2916 Sullanas
992 2863 1097 2942 partes
1112 2848 1218 2916 frrerat

152 2953 323 3042 amplexus.
358 2955 444 3019 Cum
472 2957 580 3047 itaque
609 2954 643 3021 in
664 2957 828 3047 templum
848 2956 1057 3024 ¹Concordiae
1087 2969 1218 3030 serratus

149 3060 367 3142 convenisset,
391 3063 559 3161 innumera
581 3065 694 3155 populi
717 3065 890 3131 multitudo
908 3063 1128 3138 circumvenit
1149 3055 1217 3128 nra-¹

151 3165 222 3253 gnis
247 3168 440 3236 clamoribus
456 3186 585 3261 petens,
600 3172 649 3236 uti
673 3172 766 3238 Cotta
781 3173 871 3262 iique
895 3193 1004 3236 omnes
1023 3173 1080 3257 qui
1093 3171 1216 3236 malum

148 3270 313 3355 publicum
330 3276 536 3340 clandestinis
553 3279 694 3342 consiliis
710 3279 1011 3364 comparaverant'³,
1032 3279 1135 3368 capite
1150 3275 1223 3368 ple·¹

150 3389 322 3442 oterentun
345 3378 480 3446 lncertis
495 3383 793 3474 trepidantibusque
808 3387 967 3475 patribus,
985 3387 1079 3452 Getta
1093 3387 1181 3452 solus
1197 3409 1217 3452 e

150 3484 270 3573 templo
294 3481 470 3574 processit,
494 3504 526 3554 et
550 3484 682 3575 securus
705 3491 789 3556 inter
813 3491 946 3560 furentis
973 3495 1075 3584 plebis
1101 3507 1223 3559 contu.

118 3607 120 3611 ’
149 3591 280 3656 melias¹
302 3614 339 3656 ao
370 3593 611 3663 vociferationes
634 3598 669 3662 in
691 3598 797 3665 forum
820 3603 917 3668 venit*
946 3603 996 3665 lbi
1018 3625 1077 3690 pro
1104 3601 1215 3665 rostris

152 3697 304 3764 disertam
337 3700 528 3796 plenamque
566 3705 699 3777 affectus
736 3709 922 3775 concionem
951 3708 1063 3774 habuit
1083 3717 1121 3787 ‘¹3
1150 3733 1214 3798 qua

177 3895 188 3932 1
211 3879 293 3957 Frag.
316 3857 379 3944 aass.
725 3887 876 3960 doratio¹
895 3889 927 3948 C.
958 3890 1059 3948 Cottae
1087 3869 1215 3951 consulis

175 3969 191 4006 a
230 3954 272 4012 Id.
314 3975 376 4034 229.
707 3966 743 4021 ad
762 3964 903 4042 populum
919 3966 1082 4026 Romanurn
1097 3969 1213 4028 DePe·

174 4025 192 4084 3
231 4028 273 4089 Id.
314 4032 388 4095 250.Ι
621 4077 623 4080 .
708 4046 812 4109 nuria,
831 4062 895 4121 pag.
917 4060 978 4120 2⁰7.
