2888 4748
236 327 301 373 m
527 299 564 364 G.
589 296 739 365 CRISPl
763 295 1005 366 SALLUSTII

226 452 410 551 paullulum
423 448 517 515 modo
531 471 672 539 pugnam
686 449 882 530 remiserant,
895 450 1009 516 intenti
1023 447 1183 541 proelium
1200 476 1296 546 eque-

229 578 295 631 stre
315 559 570 651 prospectabant
595 557 740 638 Eos,uti
763 582 909 647 quaeque
924 559 1105 648 Jugnrthae
1122 587 1173 629 res
1193 581 1297 651 erant,

226 670 329 749 laetos
352 667 459 745 modo,
481 664 576 731 modo
598 665 731 754 pavidos
750 667 1034 732 animadverteres:
1057 693 1104 748 ae,
1126 673 1221 737 sicuti
1238 698 1296 741 au·

227 777 291 845 diri
315 800 333 841 a
357 775 424 841 suis
454 790 510 839 aut
539 772 626 838 cerni
649 788 799 861 possent,
821 797 949 839 monere
973 776 1046 855 alii,
1069 778 1125 840 alii
1150 777 1298 866 hortari,

226 899 285 951 aut
307 907 404 948 manu
429 879 629 970 significare,
652 894 708 944 aut
737 881 798 945 niti
827 883 1033 970 corporibus3
1056 881 1121 950 buc
1143 902 1174 952 et
1197 889 1297 970 illuc,

226 992 320 1082 qnasi
342 989 509 1057 vitabundi
523 1002 579 1054 ant
598 988 750 1072 jacientes
765 989 847 1068 tela,
866 990 992 1078 agitare.
1010 992 1105 1074 Quod
1119 994 1175 1057 ubi
1190 990 1296 1062 Mario

225 1099 392 1188 cognitum
415 1110 483 1176 est,
505 1101 602 1177 (nam
625 1096 652 1160 is
675 1096 710 1159 in
733 1120 772 1161 ea
793 1110 883 1185 parte
906 1099 1059 1177 curabat)
1083 1103 1228 1166 consulto
1251 1105 1296 1169 le·

225 1208 301 1272 nius
325 1228 428 1293 agere,
452 1228 489 1268 ac
513 1201 722 1267 diffidentiam
745 1203 791 1267 rei
815 1205 824 1227 ¹
847 1204 1023 1269 simulare:
1046 1209 1112 1294 pati
1130 1209 1296 1291 b'umidas,

225 1314 296 1381 sine
320 1312 472 1390 tumultu,
496 1310 579 1399 regis
602 1309 761 1399 proelium
783 1310 895 1375 risere.
920 1311 981 1391 lta,
1003 1311 1068 1375 illis
1091 1316 1197 1379 studio
1223 1341 1294 1382 suo-

224 1444 298 1488 rnm
322 1419 506 1498 adstrictis,
532 1432 664 1507 repente
687 1438 800 1506 magna
823 1419 856 1483 ri
880 1441 1008 1483 murum
1031 1420 1240 1510 adgreditur:
1263 1439 1297 1489 et

224 1531 292 1615 jam
313 1526 408 1593 scalis
432 1526 572 1614 adgressi
596 1525 712 1588 milites
741 1548 841 1613 prope
872 1549 994 1590 summa
1023 1544 1196 1616 ceperant,
1220 1554 1295 1596 cum

225 1635 379 1725 oppidani
403 1646 618 1712 concurrunt,
641 1631 781 1720 lapides,
804 1632 936 1719 ignem,
959 1633 1021 1695 alia
1045 1650 1207 1721 praeterea
1232 1639 1295 1703 tela

225 1742 384 1832 ingerunt
412 1741 518 1804 Nostri
542 1740 647 1828 primo
671 1738 835 1802 resistere:
859 1737 991 1818 deinde,
1014 1739 1070 1802 ubi
1093 1765 1176 1805 uuae
1200 1758 1296 1832 atque

227 1850 343 1914 alterae
359 1848 462 1913 scalae
477 1847 701 1924 comminutae,
711 1846 767 1934 qui
785 1858 1043 1934 supersteterant,
1056 1847 1176 1913 adflicti
1191 1856 1295 1928 sunt¹;

226 1957 339 2036 ceteri,
362 1980 426 2044 quo
451 1954 586 2042 quisque
610 1953 703 2016 modo
727 1968 880 2041 potuere,
901 1954 998 2042 pauci
1022 1954 1158 2042 integri,
1180 1979 1295 2045 magna

226 2087 301 2152 pars
325 2062 461 2128 consecti
486 2060 671 2127 vulneribus
700 2059 825 2123 abeunt
859 2060 985 2125 Deinde
1015 2062 1176 2150 utrimque
1204 2088 1296 2153 proe-

226 2170 307 2235 lium
331 2193 393 2234 nox
416 2169 551 2232 diremit.

273 2278 379 2342 LXV.
406 2277 566 2355 Metellus,
583 2289 752 2363 postquam
766 2273 853 2340 videt
870 2269 987 2339 frustra
998 2275 1172 2367 inceptum,
1189 2301 1294 2368 neque

226 2385 383 2476 oppidum
413 2384 507 2472 capi,
539 2406 642 2472 neque
673 2381 891 2472 Jugurrham,
921 2383 983 2447 nisi
1012 2408 1050 2448 ex
1079 2385 1203 2451 insidiis
1239 2400 1296 2451 aut

225 2517 285 2559 suo
309 2494 380 2558 loeo
407 2487 419 2525 ³
442 2513 581 2581 pugnam
605 2491 720 2570 facere,
738 2505 769 2554 et
791 2493 855 2574 jam
879 2504 1028 2556 aestatem
1051 2506 1192 2557 exactam
1215 2517 1297 2574 esse,

226 2601 269 2666 ab
294 2602 394 2665 Zama
418 2598 575 2663 discedit:
599 2599 687 2662 etin
711 2598 751 2662 iis
774 2598 926 2679 urbibus,
949 2622 1031 2687 quae
1055 2600 1095 2663 ab
1118 2623 1152 2665 se
1175 2601 1297 2677 defece

224 2723 314 2787 rant,
339 2707 478 2797 satisque
502 2706 642 2770 munitae
666 2705 737 2769 loco
768 2721 823 2769 aut
853 2707 1020 2771 moenibus
1048 2722 1156 2788 erant,
1177 2709 1296 2796 praesi-

226 2814 281 2880 dia
305 2814 441 2902 inponit.
458 2816 606 2879 Ceterum
627 2813 799 2878 exercitum
823 2813 857 2876 in
880 2815 1096 2903 provinciam,
1119 2838 1200 2902 qnae
1222 2838 1295 2902 pro·

227 2944 324 2988 numa
339 2921 520 3001 Numidiae,
534 2921 694 2985 hiemandi
712 2922 813 3009 gratia
829 2921 983 2986 conlocat.
996 2921 1107 3010 Neque
1123 2920 1157 2984 id
1170 2935 1297 3010 tempus
1346 2992 1351 3001 ,

226 3052 267 3095 ex
291 3030 426 3094 aliorum
449 3052 537 3093 more
560 3015 660 3117 quieti
690 3044 746 3094 aut
774 3029 919 3093 luxuriae
943 3028 1105 3106 concedit,
1129 3027 1195 3107 sed,
1219 3051 1297 3116 quo-

229 3138 316 3202 niam
340 3137 435 3202 armis
465 3137 585 3201 bellum
615 3160 728 3225 parum
759 3134 971 3224 procedebat,
994 3134 1126 3199 insidias
1148 3136 1215 3224 regi
1238 3159 1298 3224 per

228 3245 348 3309 amicos
372 3244 500 3309 tendere
523 3259 555 3309 et
578 3267 688 3309 eorum
712 3240 844 3332 perfidia
862 3265 922 3330 pro
942 3242 1037 3306 armis
1052 3243 1100 3306 uti
1116 3258 1216 3333 parat.
1235 3243 1298 3332 lgi-

228 3366 283 3439 tur
298 3352 528 3431 Bomilcarem,
552 3353 608 3441 qui
623 3353 745 3416 Romae
768 3373 843 3415 cum
859 3350 1021 3439 lugurtha
1036 3350 1150 3431 fuerat,
1164 3365 1195 3414 et
1210 3350 1298 3430 iude,

229 3459 364 3527 vadibus
388 3459 493 3540 datis,
518 3460 598 3524 clam
625 3458 782 3525 Massivae
807 3459 845 3524 de
869 3483 946 3524 nece
970 3458 1125 3542 judicium
1152 3457 1298 3545 fugerat,

230 3568 316 3656 quod
340 3568 449 3658 siper
473 3590 652 3664 maxumam
677 3568 849 3633 amicitiam
871 3558 1019 3632 maxuma
1045 3566 1138 3655 copia
1165 3561 1296 3629 fallendi

252 3869 262 3904 1
286 3850 376 3919 Quasi
388 3850 530 3908 diffideret
541 3852 643 3908 urbem
657 3871 743 3908 occu·
781 3851 846 3919 rati,
860 3871 946 3925 quam
959 3851 987 3906 in
998 3863 1103 3905 terram
1114 3843 1251 3923 prolapsi.

229 3944 309 4000 pare.
800 3926 818 3983 3
838 3928 915 3984 boco
926 3926 982 3984 sibi
991 3934 1163 4003 opportuno.

250 4018 266 4056 2
285 4002 350 4059 Non
362 4015 421 4060 tam
432 4004 497 4080 igne
508 4015 559 4061 aut
570 4001 632 4061 telis
642 4001 744 4063 vulne·
