2888 4748
439 313 629 383 BELLUM
656 312 1005 383 CATILINARIUM
1213 319 1256 400 bt

182 474 319 543 consilio
341 490 419 535 noto
444 492 509 539 non
532 469 632 534 statui
650 490 789 554 parare:
811 467 1065 551 satisfactionem
1092 491 1139 533 aa
1161 470 1258 536 nulla

182 566 378 649 conscientia
401 577 440 644 de
465 577 563 662 culpa
584 599 761 663 proponere
785 575 931 640 decrevi:
953 601 1051 663 quom
1074 576 1197 641 medius
1210 580 1257 664 fi-

182 691 281 755 dius·
304 712 408 754 teram
432 687 509 751 licet
532 707 709 771 cognoscas,
734 685 867 769 injuriis
891 684 1157 771 contumeliisque
1182 709 1256 750 con-

182 802 318 875 citatus,
333 795 436 884 quod,
448 793 699 880 fructulaboris
719 791 960 876 industriaeque
983 815 1072 856 meae
1095 794 1258 879 privatus,
1333 872 1341 886 ι

183 923 300 972 statum
310 904 476 992 dignitatis
492 925 556 965 non
573 899 768 979 obtinebam,
780 899 946 985 publicam
962 901 1148 963 miserorum
1164 925 1256 967 caus·

182 1038 251 1078 sam
265 1038 324 1101 pro
341 1036 412 1076 mea
428 1009 655 1085 consuetudine
672 1010 816 1094 suscepi:
835 1032 920 1085 non,
940 1008 1020 1093 quin
1035 1030 1090 1071 aes
1110 1008 1256 1073 alienum

182 1125 261 1186 meis
278 1117 460 1185 nominibus
474 1127 486 1151 ¹
501 1141 545 1181 ex
566 1115 817 1203 possessionibus
833 1116 952 1179 solvere
966 1140 1112 1202 possem3
1135 1140 1207 1180 cum
1219 1131 1256 1183 et

182 1230 300 1293 alienis
317 1225 524 1291 nominibus³
547 1223 726 1288 liberalitas
752 1223 921 1288 Orestillae
944 1225 1010 1286 suis
1032 1223 1188 1309 filiaeque
1204 1248 1256 1290 eo·

180 1340 246 1423 piis
268 1336 478 1421 persolveret;
502 1331 575 1410 sed,
591 1331 677 1417 quod
691 1356 755 1395 non
775 1331 886 1417 dignos
903 1331 1045 1395 homines
1061 1330 1179 1396 bonore
1201 1332 1255 1396 lto·

184 1459 322 1509 nestatos
347 1440 489 1505 ridebam
502 1489 512 1518 ,
535 1464 648 1525 meque
663 1439 759 1524 salsa
781 1441 961 1525 suspicione
985 1439 1163 1504 alienatum
1188 1464 1256 1504 esse

182 1550 380 1616 sentiebam:
395 1550 454 1614 hoo
477 1549 605 1612 nomine
623 1539 635 1580 ⁴
654 1548 732 1611 satis
749 1536 896 1612 bonestas
918 1572 977 1634 pro
998 1573 1067 1612 mco
1090 1572 1167 1612 casu
1182 1571 1256 1635 spes

183 1659 329 1746 reliquae
351 1658 515 1743 dignitatis
539 1655 772 1720 conservandae
796 1681 865 1719 sum
891 1672 1026 1719 secutus.
1056 1655 1158 1719 Plura
1181 1680 1256 1720 eum

182 1768 321 1832 seribere
342 1767 475 1845 vellem,
491 1767 678 1828 nunciatum
695 1779 742 1828 est
757 1767 817 1827 rim
833 1764 913 1827 milri
926 1765 1045 1850 parari.
1062 1769 1155 1828 Nunc
1180 1769 1254 1829 Ore·

184 1876 305 1939 stillam
322 1874 382 1938 tibi
405 1873 588 1938 commendo
611 1883 748 1957 tuaeque
763 1870 850 1955 fidei
873 1871 974 1936 trado.
999 1876 1081 1935 Earn
1104 1856 1146 1935 ab
1168 1873 1253 1955 inju-

184 1986 236 2046 ria
252 1982 423 2066 defendas,
445 2005 504 2065 per
528 1978 644 2042 liberos
668 1993 738 2041 tuos
762 1995 910 2064 rogatus:
933 1979 1052 2043 bareto.

230 2088 416 2177 XXXVII.
444 2085 508 2150 Sed
531 2085 618 2174 ipse,
641 2108 761 2174 paucos
786 2085 853 2151 dies
878 2101 1092 2152 commoratus
1113 2085 1199 2177 apud
1216 2085 1253 2152 G.

153 2234 158 2245 ·
185 2194 381 2260 Flaminium
398 2194 575 2258 Flammam
598 2193 633 2258 in
658 2217 733 2282 agro
750 2194 886 2258 Reatino
901 2191 930 2275 ⁸,
955 2194 1033 2258 dum
1054 2194 1254 2262 vicinitatem

184 2317 257 2368 ante
281 2301 469 2367 solicitatam
493 2301 589 2365 armis
614 2315 762 2380 exornat,
782 2325 856 2365 eum
872 2297 1039 2366 fascibus⁶
1064 2316 1161 2389 atque
1183 2300 1255 2365 aliis

183 2410 311 2501 imperii
333 2410 512 2497 insignibus
536 2409 570 2471 in
595 2421 698 2484 eastra
721 2408 763 2470 ad
784 2408 944 2472 Manlium
969 2408 1140 2474 contendit.
1166 2410 1255 2474 Haec

184 2518 241 2582 ubi
256 2519 378 2582 Romae
393 2527 668 2604 comperta'sunt3
688 2529 817 2580 senatus
841 2517 1015 2581 Catilinam
1036 2533 1068 2582 et
1091 2517 1254 2583 Manlium

184 2625 288 2688 bostes
303 2624 444 2702 judicat3
459 2640 606 2687 caeterae
621 2622 823 2687 multitudini
838 2624 921 2688 diem
937 2627 1063 2704 statuit,
1079 2641 1253 2713 antequam

185 2733 295 2796 liceret
318 2735 387 2795 sinc
401 2733 524 2815 fraude
542 2740 553 2777 ⁷
569 2732 608 2795 ab
626 2735 722 2796 armis
738 2732 920 2812 discedere,
933 2749 1061 2819 praeter
1080 2757 1185 2798 rerum
1201 2758 1254 2797 ca-

182 2833 360 2927 pitalium⁸
382 2840 609 2903 condemnatis.
636 2841 827 2920 Praeterea,
850 2839 1013 2921 decernit,
1036 2842 1085 2905 uti
1107 2841 1254 2905 consules
1312 2861 1314 2865 ’

139 3018 141 3025 ,
183 2949 341 3012 delectum
357 2948 497 3012 babeant
511 2949 541 3028 ⁹5
559 2950 714 3013 Antonius
729 2973 801 3012 cum
817 2953 963 3014 exercitu
984 2951 1158 3014 Catilinam
1180 2973 1252 3034 per·

184 3203 253 3259 silio
263 3205 372 3260 nullius
381 3207 535 3263 medelicti
542 3210 700 3264 consciunt.
759 3205 839 3277 lida
860 3227 953 3266 causa.

186 3279 342 3334 Caeterum
377 3280 448 3338 haec
486 3295 552 3338 sunt
605 3285 702 3358 ropria
760 3282 885 3341 bReate
905 3283 975 3339 urbs
994 3282 1026 3339 in
1045 3282 1176 3350 Sabinis:
1201 3282 1257 3341 ho-

184 3354 274 3412 verba
295 3356 450 3426 Catilinam
470 3378 524 3414 nec
544 3305 701 3427 dubitabis,
740 3358 786 3415 die
806 3364 891 3419 Ricti.

185 3430 257 3486 adeo
270 3445 337 3487 sunt
347 3433 470 3508 implexa
483 3447 511 3488 et
522 3434 699 3509 perturbata.
758 3439 777 3492 6
798 3435 938 3494 Fasciculi
957 3436 1114 3512 virgarum,
1132 3437 1256 3513 colligati

208 3528 218 3561 1
241 3508 444 3564 Juramentutn
465 3522 507 3564 cst
525 3512 701 3586 pcrHercu-
740 3533 807 3568 curn
828 3513 931 3580 securi,
951 3513 1071 3588 insignia
1091 3527 1174 3570 erant
1193 3533 1254 3570 ma·

184 3582 241 3639 lem
260 3584 340 3641 Jovis
360 3585 459 3640 lilium.
740 3589 911 3664 gistratuunt
930 3588 1135 3644 Romanorum.

206 3678 221 3715 a
243 3660 377 3716 Rationes
403 3660 432 3716 in
457 3659 606 3718 creditoris
626 3662 701 3721 libro
760 3685 776 3742 q
798 3666 936 3741 Impune,
958 3666 1018 3720 sine
1038 3667 1151 3724 damno.

186 3735 339 3824 inscriptae
365 3736 587 3813 appellabantur
607 3741 700 3801 noni-
760 3746 776 3796 8
797 3741 885 3811 Idest,
905 3740 1058 3797 eriminum
1077 3755 1258 3817 quaemorte

187 3812 299 3868 na:hic
312 3813 429 3870 fortasse
439 3835 494 3889 pro
510 3814 702 3873 creditoribus
740 3817 908 3875 multantur.
985 3816 991 3825 ⁴
1331 3872 1334 3877 .

188 3889 257 3963 ipsis
276 3903 464 3966 usurpantur.
761 3916 778 3969 9
799 3894 902 3949 Milites
923 3891 1081 3966 deligerent
1100 3907 1128 3953 et
1148 3895 1185 3952 ad
1205 3896 1257 3956 mi-

206 3962 349 4020 bDebita
383 3988 484 4022 eorum
512 3988 566 4043 pro
595 3970 703 4044 quibus
741 3968 831 4028 litium
853 3968 1076 4031 conscriberent.

116 4056 120 4063 ·
187 4038 273 4096 fidem
293 4061 374 4098 suam
394 4044 619 4121 interposuisset.
