2888 4748
238 346 300 396 too
529 322 566 387 G.
592 321 744 390 CRISPI
774 324 1015 396 stutnsrn

234 471 361 539 tametsi
377 471 411 538 iu
427 469 498 563 ipso
514 495 628 565 magau
642 461 691 543 vis
708 477 805 542 animi
820 493 904 560 erat,
925 479 1129 548 confirmatus
1145 483 1185 549 al)
1201 484 1307 553 omoi-

234 579 315 661 bus,
332 604 470 671 quorum
491 583 633 671 potentia
653 598 710 649 aut
731 585 849 650 scelere
868 601 983 652 cuncta
999 611 1036 654 ea
1050 605 1206 678 gesserat,
1222 618 1307 682 quac

230 710 330 778 supra
345 688 495 767 diximus,
511 691 548 754 G.
561 690 714 756 Baebium
729 691 895 758 tribunum
908 694 1014 784 plebis
1026 718 1140 785 magna
1155 701 1305 767 mercede

230 810 341 887 parat,
357 801 452 882 cujus
475 795 664 886 inpudentia
679 802 687 828 ¹
703 812 813 864 contra
836 805 887 884 jus
909 814 940 866 et
963 800 1097 885 iniurias
1113 807 1217 872 omnis
1234 831 1304 874 mu-

233 902 322 969 nitus
338 902 427 968 loret.
445 901 490 968 At
506 904 541 968 C.
558 904 742 987 Memmius,
756 905 909 973 advocata
923 909 1093 991 concione,
1109 935 1308 1002 quamquam

237 1013 307 1102 regi
328 1011 442 1078 infesta
464 1011 574 1102 plebes
595 1027 680 1095 erat,
702 1029 733 1079 et
755 1037 829 1104 pars
852 1017 886 1078 in
902 1016 1028 1080 vincula
1049 1019 1124 1082 duci
1146 1020 1304 1103 jubebat,

235 1143 311 1212 pars
335 1123 370 1183 ni
392 1123 492 1185 socios
507 1121 637 1187 sceleris
650 1122 702 1185 sui
716 1123 866 1209 operiret,
881 1145 966 1188 more
989 1127 1146 1208 majorum
1160 1125 1200 1190 de
1215 1126 1303 1193 hoste

231 1227 427 1315 supplicium
450 1229 533 1292 sumi
542 1257 553 1307 ,·
568 1227 715 1319 dignitati
735 1252 832 1319 quam
847 1228 912 1294 irae
927 1229 1028 1319 magis
1043 1222 1232 1314 consulens,
1256 1237 1305 1300 'se-

230 1337 308 1403 dare
324 1350 429 1400 motus
445 1349 476 1401 et
490 1335 613 1404 ammos
629 1359 739 1405 eorum
754 1337 899 1415 mollire;
913 1349 1075 1426 postremo
1095 1337 1304 1423 confirmare,

230 1443 328 1509 fidem
348 1443 512 1529 publicam
534 1469 593 1530 per
615 1469 682 1510 oeae
697 1448 708 1480 ⁸
722 1447 907 1510 inviolatum
918 1445 1005 1528 fore.
1024 1443 1119 1525 Post,
1134 1446 1191 1509 ubi
1208 1448 1305 1514 silen-

179 1584 191 1601 ·
227 1552 313 1619 dum
336 1550 460 1640 coepit,
475 1549 632 1640 producto
648 1551 828 1639 Jugurtha,
847 1552 954 1618 verba·
972 1549 1070 1616 facit:
1094 1556 1212 1618 Romae
1236 1561 1308 1619 Nu*

232 1655 413 1746 midiueque
426 1658 581 1746 facinora
602 1660 671 1742 ejus
695 1671 868 1736 memorat3
886 1658 1009 1724 scelera
1033 1659 1066 1721 in
1088 1675 1213 1743 patrem
1226 1662 1306 1745 fro-

231 1748 366 1854 tresque⁶
384 1765 551 1830 ostendit:
581 1765 696 1850 quibus
715 1765 899 1848 juvantibus
912 1815 921 1845 ,
945 1766 1122 1852 quibusque
1147 1769 1303 1832 ministris

229 1897 270 1940 eu
292 1876 413 1961 egerit,
435 1895 628 1959 quamquam
652 1872 812 1957 intelligat
832 1873 971 1959 populus
995 1877 1168 1951 Romanum
1192 1889 1299 1938 tamen

232 1981 313 2048 velle
337 1981 507 2064 manifesto
531 1981 629 2066 neugio
652 2004 696 2044 ece
719 1980 776 2043 illo
800 1984 813 2025 ³
834 1980 950 2045 hebere
970 2005 979 2043 .·
1000 1982 1030 2044 si
1053 2005 1124 2052 vera
1146 1982 1299 2066 operiret,

233 2091 268 2155 in
275 2087 346 2174 fide
362 2103 394 2152 et
408 2086 579 2151 clementio
592 2087 706 2172 populi
713 2091 848 2150 Romani
863 2111 1009 2174 magnam
1024 2111 1111 2174 spem
1127 2088 1178 2151 illi
1192 2089 1300 2164 sitam3

231 2197 283 2260 siu
306 2196 458 2271 reticeat,
482 2216 544 2256 non
568 2195 661 2256 sociis
684 2193 783 2256 saluti
795 2195 896 2275 sore,
918 2194 975 2258 sed
1002 2219 1035 2258 se
1065 2219 1201 2280 suasque
1229 2219 1308 2281 spes
1357 2173 1373 2256 J

232 2318 465 2389 corrupturum.
490 2298 601 2379 Dein,
624 2298 680 2364 uhi
705 2299 876 2365 Memmius
901 2299 1027 2366 dicendi
1050 2298 1147 2365 finem
1168 2300 1246 2367 lecit
1269 2314 1301 2364 et

231 2408 395 2500 Jugurtha
409 2406 600 2497 respondere
615 2409 724 2491 jussus
739 2420 798 2488 est,
815 2407 851 2471 G.
869 2407 1006 2474 Baebius
1022 2408 1170 2473 tribunus
1186 2406 1302 2496 plebis,

232 2540 331 2609 quem
351 2515 490 2606 pecunia
512 2527 699 2601 corruptum
721 2536 817 2603 supra
838 2514 994 2596 diximus,
1013 2537 1119 2605 regem
1134 2530 1237 2580 tacere
1252 2517 1301 2597 ju-

232 2612 287 2691 liet
302 2651 310 2688 :
334 2647 388 2703 ac,
403 2621 529 2688 tametsi
543 2620 734 2700 multitudo,
750 2644 832 2709 quae
848 2622 882 2686 in
898 2621 1051 2687 concione
1064 2621 1193 2702 aderat,
1207 2621 1302 2696 vehe-

233 2746 356 2799 menter
372 2751 522 2808 aceensa,
538 2728 675 2794 terrebat
690 2749 765 2792 eum
780 2728 929 2808 clamore,
944 2728 1054 2808 vultu,
1074 2751 1168 2818 saepe
1190 2729 1301 2814 inpetu

234 2854 332 2928 etque
347 2837 418 2903 aliis
434 2836 601 2916 omnibus,
625 2857 707 2924 quae
722 2836 770 2900 ira
785 2833 856 2901 fieri
871 2850 975 2915 amat;
995 2835 1074 2906 vicit
1088 2848 1190 2898 tamen
1207 2833 1302 2919 inpu-

234 2946 352 3015 dentia.
370 2944 419 3009 Ita
434 2941 592 3033 populus,
612 2942 750 3008 ludibrio
766 2942 912 3024 habitus,
927 2966 965 3007 ex
980 2940 1133 3017 concione
1148 2937 1301 3002 discedit:

234 3051 416 3144 Jugurthae
432 3051 620 3139 Bestiaeque
642 3065 674 3118 et
697 3050 847 3129 caeteris,
869 3071 950 3138 quos
967 3047 1022 3111 ills
1036 3045 1180 3134 quaestio
1199 3045 1306 3132 exegi*

234 3161 341 3240 tabat,
356 3159 455 3225 animi
470 3171 654 3247 augescunt.
784 3177 786 3181 ·
1140 3215 1142 3221 ,

282 3261 453 3344 XXXIX.
478 3265 526 3328 Ea
550 3279 617 3330 erat
639 3277 825 3356 tempestate
847 3264 968 3328 Romae
990 3258 1130 3329 Numida
1153 3257 1303 3351 quidam,
1408 3284 1410 3287 ’

236 3373 367 3442 nomine
383 3372 543 3452 Massiva,
567 3373 726 3438 Gulussae
749 3370 854 3452 filius,
870 3369 1058 3439 Masinissae
1080 3391 1204 3456 nepos:
1230 3367 1304 3455 qui,

236 3480 363 3575 quinio
378 3479 574 3553 dissensione
590 3501 718 3568 regum,
733 3477 913 3568 Jugurthae
936 3473 1089 3542 advorsus
1111 3475 1231 3554 fuerat,
1250 3472 1304 3537 de>

236 3589 304 3657 dita
320 3587 410 3653 Cirta
425 3601 457 3652 et
473 3585 645 3651 Atherbale
669 3585 852 3666 interfecto,
866 3583 1022 3676 profugus
1039 3606 1076 3651 ex
1092 3580 1203 3655 Africa
1218 3579 1302 3647 abie-

236 3711 295 3765 rat
313 3694 399 3763 Huic
416 3693 470 3784 sp.
480 3692 631 3774 Albinus,
647 3693 703 3783 qui
718 3715 873 3783 proxumo
890 3715 973 3757 anno
989 3704 1062 3782 post
1077 3688 1215 3756 Bestiam
1231 3708 1304 3753 cum

264 3896 275 3935 t
287 3853 354 3947 Uno
364 3875 483 3932 tribuno
493 3872 760 3943 resistente,frustra
783 3850 787 3866 Ι
797 3871 903 3928 blicam
914 3870 1023 3930 violari.

243 3964 306 4015 erat
318 3951 460 4038 quidquid
471 3951 508 4006 ab
520 3948 581 4006 aliis
593 3961 759 4006 tentaretur.
803 3946 836 4037 '3
848 3950 891 4002 Ex
900 3946 1144 4025 Jugurrha,quem
1154 3943 1306 4006 Memmius

265 4026 409 4095 aMmims
422 4045 592 4120 passurum,
609 4024 695 4091 fidem
708 4045 763 4110 pu·
801 4022 1008 4106 interrogabat..
