2888 4748
247 345 311 417 r16
517 353 558 418 c:
580 351 728 421 crustu
754 354 998 428 santusrn

240 501 407 592 magisque
423 503 680 596 adpropinquare
696 506 823 587 vident-3
839 510 965 599 cognita
980 535 1025 592 re,
1040 528 1248 604 properantes
1263 532 1314 584 ari

241 633 294 674 ma
316 611 466 700 capiunt,
482 636 518 677 ac
534 636 593 703 pro
610 615 740 693 castris,
756 615 852 681 sicuti
865 618 1100 707 imperabatur,
1123 622 1311 691 consistunt.

241 717 394 799 Deinde,
418 719 474 784 uhi
496 721 631 810 propius
662 737 794 787 ventum
823 738 893 804 est,
916 726 1078 816 utrimque
1108 751 1223 818 magno
1247 733 1311 795 cla-

237 849 327 892 more
351 829 562 892 concurritur.
588 827 745 893 Numidae
768 832 988 897 tantummodo
1011 835 1160 922 remorati
1182 835 1210 915 ¹,
1233 835 1310 902 dum

237 933 272 998 in
296 935 474 1024 elephantis
499 935 654 1002 auxilium
669 950 801 1026 putant,
824 953 995 1027 postquam
1008 964 1063 1007 eos
1077 941 1246 1032 impeditos
1261 966 1311 1008 ra·

236 1042 298 1108 mis
314 1043 465 1107 arborum
488 1058 583 1132 atque
599 1044 643 1107 ita
659 1043 808 1128 disjectos
823 1045 1049 1113 circumveniri
1063 1035 1188 1129 rident,
1201 1049 1309 1139 fugam

235 1148 388 1215 faciunt:
420 1174 457 1214 ac
479 1150 646 1240 plerique,
669 1151 801 1235 abjectis
830 1154 946 1235 armis,
974 1155 1065 1220 collis
1096 1171 1152 1223 aut
1182 1159 1310 1239 noctis,

236 1281 319 1347 quae
343 1261 408 1341 jam
431 1258 558 1339 aderat,
573 1258 693 1324 auxilio
708 1258 825 1346 integri
841 1260 967 1327 abeunt
985 1262 1157 1351 Elephanti
1172 1279 1309 1352 quatuor

235 1364 343 1455 capti,
364 1365 482 1455 reliqui
502 1390 612 1432 omnes
627 1389 761 1432 numero
777 1366 987 1457 quadraginta
1000 1367 1167 1435 interfecti.
1185 1370 1229 1435 At
1244 1371 1307 1436 llo·

237 1474 327 1539 mani
341 1474 545 1563 'quamquam
567 1473 682 1540 itinere
705 1488 800 1562 atque
822 1497 918 1564 opere
939 1489 1115 1540 castrorum
1135 1490 1166 1541 ct
1180 1477 1304 1564 proelio

237 1580 314 1646 fessi
343 1581 480 1669 laetique
496 1575 506 1600 ²
520 1595 630 1660 erant;
644 1595 769 1661 tamen,
791 1579 880 1669 quod
904 1580 1053 1647 Metellus
1075 1583 1214 1671 amplius
1238 1584 1305 1674 opi·

233 1689 330 1754 nione
353 1689 554 1769 morabatur,
577 1688 726 1756 instructi
757 1687 936 1776 intentique
958 1688 1085 1756 obviam
1103 1689 1302 1779 procedunt:

232 1817 306 1862 nam
329 1796 422 1861 dolus
446 1795 660 1862 Numidarum
682 1795 765 1861 nihil
787 1795 949 1883 languidi,
972 1818 1076 1885 neque
1099 1797 1225 1862 remissi
1246 1822 1302 1886 pa·

230 1904 378 1971 tiebatur.
404 1904 581 1995 deprimo
604 1906 740 1970 obscura
763 1918 874 1983 nocte,
896 1917 1067 1993 postquam
1086 1903 1173 1968 haud
1187 1905 1300 1992 procul

231 2009 316 2079 inter
330 2037 364 2079 se
380 2028 488 2093 erant,
512 2013 665 2103 strepitu,
688 2012 776 2078 velut
791 2009 898 2076 hostes
914 2011 1094 2093 adventare,
1110 2011 1201 2078 alteri
1216 2012 1302 2101 a'pud

235 2121 352 2186 alteros
369 2119 574 2186 formidinem
590 2120 687 2185 simul
702 2132 733 2184 et
748 2119 922 2184 tumultum
940 2118 1063 2185 facere:
1086 2135 1118 2185 et
1139 2142 1239 2209 paene
1254 2120 1301 2185 in·

228 2228 400 2320 prudentia
416 2227 589 2293 admissum
604 2225 730 2291 facinus
745 2224 926 2289 miserabile
940 2221 971 2307 ³,
986 2228 1021 2290 ni
1036 2226 1196 2316 utrimque
1210 2252 1299 2316 prae-

228 2338 319 2402 missi
342 2337 465 2425 equites
488 2359 555 2402 rem
578 2333 835 2424 exploravissent
860 2333 964 2421 Igitur
986 2358 1045 2424 pro
1066 2348 1153 2400 metu
1168 2349 1297 2424 repente

228 2444 383 2536 gaudium
406 2459 567 2525 exortum,
590 2441 706 2509 milites
723 2441 806 2507 alius
822 2440 920 2505 alium
935 2441 1010 2506 laeti
1025 2441 1204 2533 adpellant,
1227 2455 1297 2506 acta
1335 2465 1337 2468 ·

229 2554 364 2620 edocent
387 2566 481 2640 atque
496 2551 632 2617 audiunt
649 2577 656 2614 :
673 2573 731 2615 sua
747 2549 884 2638 quisque
899 2548 994 2613 fortia
1008 2548 1092 2615 facta
1112 2549 1151 2614 ad
1172 2549 1297 2614 coelum

231 2660 301 2724 fert.
329 2660 458 2750 Quippe
480 2682 530 2724 res
552 2657 711 2723 humanae
727 2657 771 2721 ita
786 2680 854 2721 sese
874 2656 1011 2721 hahent:
1034 2656 1068 2720 in
1092 2657 1226 2724 victoria
1247 2656 1299 2724 vel

187 2776 191 2781 '
230 2765 354 2857 ignavis
368 2763 521 2853 l'gloriari
534 2765 620 2830 licet:
631 2764 783 2830 advorsae
797 2787 847 2828 res
863 2762 959 2828 etiam
973 2763 1074 2829 bonos
1089 2764 1264 2828 detrectant
1277 2761 1296 2824 ⁵.

243 2885 246 2890 '
277 2872 401 2940 LVIII.
428 2871 577 2936 Metellus
601 2871 633 2935 in
659 2870 772 2935 iisdem
795 2871 906 2936 castris
934 2871 1105 2960 quatriduo
1135 2882 1297 2947 moratur,

230 2983 356 3050 saucios
381 3002 454 3045 cum
479 3000 556 3043 cura
579 2974 702 3055 reficit3
732 2978 861 3043 meritos
889 2978 923 3040 in
951 2977 1082 3067 proeliis
1105 2998 1192 3042 more
1215 2973 1296 3037 mili-

228 3093 292 3156 tiae
313 3094 324 3129 ⁶
348 3088 463 3166 donat,
485 3085 651 3151 universos
667 3085 701 3149 in
718 3085 871 3150 concione
891 3082 1018 3163 laudat,
1034 3096 1129 3170 atque
1147 3080 1212 3170 agit
1226 3071 1312 3171 gra-v

226 3198 305 3267 tias:
321 3196 483 3274 hortatur,
498 3194 541 3257 ad
555 3210 681 3271 cetera,
696 3218 779 3280 quae
797 3192 879 3255 levia
897 3207 993 3270 sunt,
1014 3216 1125 3278 parem
1149 3193 1293 3254 animum

225 3321 415 3393 gerunttpro
431 3303 561 3366 victoria
576 3303 653 3365 satis
664 3305 734 3384 jam
748 3300 1084 3386 pugnatum,reliquos
1101 3299 1224 3362 labores
1235 3322 1293 3383 pro

226 3411 348 3503 proedo
358 3412 444 3497 sore.
464 3409 583 3476 Tamen
599 3407 726 3479 interim
742 3406 921 3496 transfugas
937 3420 968 3472 et
984 3407 1062 3472 alios
1079 3406 1292 3496 obportunos,

251 3633 261 3667 1
277 3611 404 3666 Tantum
416 3608 594 3676 sustinentes,
607 3620 747 3683 quantum
785 3605 887 3662 milites
906 3607 980 3663 inter
1000 3623 1029 3660 se
1049 3619 1149 3658 manus
1161 3617 1290 3656 consere-

226 3688 296 3750 satis
317 3697 458 3757 esset,·,ut
476 3683 621 3760 elephanti
641 3683 746 3743 auxilio
784 3694 855 3737 rent.
1249 3748 1255 3760 ι

229 3776 330 3820 essent.
393 3759 395 3762 ’
801 3757 902 3827 tuam
910 3774 1048 3834 prospera
1058 3769 1155 3809 omnes
1166 3749 1219 3806 sibi
1228 3769 1291 3806 vm-

247 3856 263 3892 a
284 3841 371 3894 Fessi
382 3849 462 3894 erant
480 3837 596 3903 itinere,
614 3855 699 3910 opere
717 3847 746 3891 et
783 3834 888 3901 dicant,
899 3832 1015 3889 adversa
1027 3829 1092 3891 duci
1105 3829 1290 3901 imputantur,

223 3912 351 4001 proeli93
372 3915 445 3970 laeti
462 3914 589 3990 perfecto
610 3930 695 3987 opere
715 3922 743 3966 et
800 3908 919 3966 ildest:
933 3904 1100 3964 Detrahunt
1109 3903 1228 3978 gloriae
1241 3919 1291 3955 eo-

229 4001 357 4046 vrctorra.
779 4005 852 4041 rum.

244 4061 265 4127 3
291 4063 330 4128 Ut
360 4062 513 4126 Metelliani
548 4061 742 4140 Rutilianique
796 4057 968 4127 §Armillis
978 4055 1144 4136 torquibus,
1149 4052 1291 4130 phaleris.
