2888 4748
250 364 290 403 ·o
537 334 574 401 C.
600 334 750 401 CRISPI
777 329 1019 402 saLLUSTn

251 394 262 428 Ι

290 487 333 560 11.
360 485 441 551 Nam
464 486 513 575 uti
535 508 637 576 genus
659 485 829 551 hominum
850 481 1065 575 compositmn
1085 504 1106 559 c
1128 504 1265 573 corpore
1287 497 1323 564 pt

246 594 352 659 anima
376 608 447 657 est:
472 593 516 657 ita
540 616 590 658 res
614 607 749 658 cunctae
776 592 945 681 studiaque
969 592 1077 656 omnia
1100 605 1229 672 nostra,
1252 615 1337 676 cor·¹

245 703 334 794 poris
359 701 439 781 alia,
464 701 526 765 alia
542 700 640 765 animi
656 715 805 765 naturam
820 715 1007 790 sequuntur.
1030 699 1135 787 Igitur
1156 699 1320 788 praeclara

244 810 360 889 facies,
376 832 509 897 magnae
525 807 670 886 divitiae,
686 807 803 874 adhoc
818 821 827 844 ¹
847 808 896 898 ris
916 806 1060 896 eorporis
1084 821 1117 872 et
1139 805 1203 871 alia
1227 806 1322 890 huju·

245 917 387 983 scemodi
412 916 538 996 omnia,
553 915 644 982 brevi
658 913 870 992 dilabuntur3
894 929 926 979 at
949 913 1072 1003 ingenii
1095 913 1222 1005 egregia
1246 913 1324 982 faci-

247 1049 345 1104 nora,
370 1024 465 1090 sicuti
491 1023 614 1102 anima,
629 1022 812 1087 inmortalia
828 1037 911 1087 sunt
929 1022 1114 1103 Postremo,
1133 1020 1276 1111 corporis
1291 1034 1323 1087 et

246 1132 395 1199 fortunae
418 1131 577 1197 honorum
600 1145 637 1195 ut
658 1129 806 1210 initium,
827 1130 874 1196 sic
889 1127 963 1194 finis
979 1143 1047 1208 est3
1067 1129 1239 1219 omniaque
1254 1142 1322 1193 orta

247 1241 417 1319 occidunt,
442 1254 472 1304 et
496 1253 590 1304 aucta
613 1252 803 1316 senescunt3
824 1238 950 1303 animus
973 1236 1200 1327 incorruptus,
1224 1250 1322 1301 aeter·

247 1372 328 1429 nus,
352 1362 456 1412 rector
479 1345 614 1413 humani
635 1345 781 1435 generis,
809 1346 874 1434 agit
906 1359 1002 1434 atque
1029 1343 1127 1412 habet
1156 1359 1274 1410 cuncta
1294 1343 1323 1423 ⁸,

248 1479 352 1545 neque
375 1457 444 1545 ipse
468 1453 612 1518 habetur.
639 1455 712 1536 Quo
729 1453 829 1541 magis
844 1453 985 1543 pravitas
1000 1475 1112 1518 eorum
1135 1453 1321 1518 admiranda

247 1579 313 1643 est,
336 1563 412 1651 qui,
436 1561 535 1625 dediti
560 1560 703 1650 corporis
730 1560 875 1649 gaudiis,
900 1584 958 1650 per
981 1562 1093 1626 luxum
1116 1575 1212 1649 atque
1235 1561 1322 1650 igna-

246 1672 331 1738 viam
348 1684 481 1733 aetatem
496 1682 613 1757 agunt:
630 1682 772 1733 ceterum
788 1668 971 1757 ingenium,
992 1691 1056 1758 quo
1081 1691 1185 1757 neque
1208 1668 1322 1734 melius

247 1801 352 1865 neque
368 1776 505 1866 amplius
522 1775 610 1840 aliud
625 1776 659 1839 in
675 1789 789 1840 natura
805 1776 989 1841 mortalium
1003 1790 1071 1856 est,
1086 1776 1211 1841 incultu
1227 1791 1324 1864 atquo

248 1883 391 1951 secordia
408 1884 730 1974 torpesccgreainunt:
747 1907 822 1949 oum
837 1884 1024 1974 praesertim
1043 1899 1109 1948 tam
1131 1885 1250 1948 multae
1269 1907 1323 1974 ra·

250 1993 380 2080 ria'e'que
404 1990 468 2056 sint
492 2006 574 2056 artes
598 1990 715 2071 animi,
731 1992 850 2080 quibus
866 2014 991 2057 summa
1007 1990 1165 2056 claritudo
1181 2006 1326 2082 paratur..

261 2141 265 2161 2
293 2096 356 2163 ΙΙΙ.
381 2096 505 2164 Verum'
529 2122 567 2163 ex
589 2098 668 2164 his³
690 2099 894 2187 magistratus
922 2113 954 2163 et
981 2098 1135 2189 imperia,
1162 2112 1324 2189 postremo
1377 2169 1379 2172 .

249 2208 353 2272 omnis
377 2229 456 2271 cura
479 2229 587 2271 rerum
610 2206 814 2296 publicarum
838 2207 980 2272 minume
1008 2206 1089 2271 mihi
1117 2205 1178 2271 hac
1207 2222 1324 2296 tempe-

249 2331 329 2381 state
354 2312 519 2405 cupiunda
534 2314 703 2381 videntur:
721 2315 874 2404 quoniam
889 2337 994 2403 neque
1009 2314 1121 2382 virtuti
1144 2315 1247 2379 honos
1271 2314 1326 2380 da-

247 2437 320 2502 tur3
344 2445 449 2511 neque
470 2422 537 2502 illi,
562 2423 680 2512 quihus
703 2445 762 2512 per
784 2421 931 2488 fraudem
946 2424 998 2508 jus
1013 2421 1077 2489 fuit
1094 2416 1124 2504 ⁴,
1138 2423 1200 2488 tuti
1216 2414 1272 2488 aut
1287 2445 1325 2486 eo

249 2531 350 2620 magis
375 2529 502 2595 honesti
525 2545 607 2595 sunt
640 2531 722 2594 Nam
745 2531 779 2596 vi
808 2530 939 2620 quidem
970 2552 1080 2620 regere
1104 2531 1243 2621 patriam
1272 2545 1328 2595 aut

248 2652 395 2726 parentes
420 2659 616 2726 quamquam
639 2651 671 2702 et
685 2637 808 2727 possis,
825 2653 856 2703 ot
872 2638 988 2704 delicta
1011 2638 1151 2729 corrigas
1166 2649 1199 2719 ⁵3
1222 2654 1328 2704 tamen

248 2744 460 2832 inportunum
485 2759 550 2810 est.
575 2768 648 2810 cum
664 2747 852 2835 praesertim
877 2769 987 2813 omnes
1002 2770 1112 2812 rerum
1134 2747 1328 2813 mutationes

253 2851 385 2916 caedem
406 2851 518 2939 'fugam
550 2851 676 2941 aliaque
705 2852 832 2918 hostilia
852 2854 1052 2944 portendant.
1070 2855 1203 2920 Frustra
1222 2867 1331 2921 autem

249 2959 330 3040 niti,
354 2981 458 3048 neque
483 2958 589 3038 atiud,
613 2983 645 3023 se
668 2959 848 3081 fustigando,
869 2962 931 3027 nisi
955 2963 1064 3027 odium
1085 2984 1255 3050 maerore
1277 2985 1328 3026 ex-

247 3081 377 3131 tremae
392 3066 569 3130 dementiae
593 3082 659 3132 est:
685 3068 748 3133 nisi
772 3068 853 3134 forto
879 3093 975 3160 quom
1003 3069 1172 3134 inhonesta
1201 3083 1233 3133 et
1256 3093 1327 3160 pcr-

249 3174 370 3238 niciosa
395 3174 505 3239 lubido
529 3189 635 3255 tenet,
658 3176 820 3265 potentiae
844 3199 1024 3268 paucorum
1051 3175 1149 3242 decus
1174 3192 1269 3266 atquo
1290 3177 1327 3240 li-

252 3280 408 3346 bertatem
432 3306 522 3348 suam
546 3281 719 3372 gratificari
733 3295 754 3347 ⁶.

225 3404 228 3409 ·
260 3386 356 3455 *·IV.
383 3388 554 3456 Caeterum
578 3413 616 3457 ex
638 3391 679 3454 iis
696 3392 849 3480 nogotiis,
866 3416 949 3482 quae
972 3392 1102 3483 ingenio
1126 3409 1329 3474 exercentur,

259 3597 283 3634 r
308 3577 441 3710 διιῙἪΙεΞ,Ι
456 3581 597 3636 αάιᾞαίω·
826 3581 844 3640 5
868 3584 1046 3662 Corruptam
1067 3584 1211 3643 civitatem
1230 3604 1327 3640 emori

269 3673 285 3710 a
305 3655 368 3711 Inte
392 3656 460 3732 igit,
511 3655 621 3714 ervadit
643 3670 767 3726 cuncta,
808 3660 865 3716 des

248 3736 343 3816 noque
373 3678 579 3807 compreiicndi
608 3745 658 3789 aut
684 3735 768 3790 certis
825 3737 975 3794 6Graece
1002 3736 1111 3794 dictum
1158 3757 1191 3792 ro
1209 3739 1330 3810 gratifi-

250 3806 449 3864 circumscribi
469 3809 575 3864 finibus
595 3821 699 3886 potest.
810 3813 919 3869 candi.-
939 3815 1089 3944 propriam
1115 3756 1313 3869 tillim-tarem‘
1303 3820 1331 3868 et

269 3879 286 3934 5
308 3883 434 3942 Artibus
811 3888 899 3945 decus
920 3890 1049 3947 conferre
1071 3889 1108 3946 ad
1129 3889 1245 3947 alterius
1266 3911 1325 3947 ma-

269 3955 287 4026 4
311 3959 369 4013 tloc
392 3972 447 4014 ost:
473 3980 525 4036 per
542 3961 657 4039 fraudes
674 3962 770 4040 adepti
810 3963 998 4081 giritudincm.

254 4045 320 4088 sunt
342 4055 377 4088 m
371 4035 529 4111 rgistratus.
