2888 4748
222 348 264 437 7s
507 345 545 412 o.
570 344 721 413 ca1s1>1
746 342 989 412 sanansrn

214 495 429 589 ponditmom
444 498 547 584 ipsum
563 497 657 562 illum
673 502 682 527 ¹
708 498 809 561 tribus
822 482 990 585 proxumis
1000 495 1094 561 annis
1109 493 1294 583 adoptati&

215 630 256 671 ne
272 606 307 670 in
322 628 452 692 reginum
465 609 653 692 pervenisse.
664 605 761 690 Quod
768 606 902 673 verbum
915 608 927 631 ¹
942 605 977 669 in
985 619 1098 695 pectus
1107 605 1292 696 Iugurthae

215 713 332 794 altius,
347 737 443 803 quam
466 715 638 805 quisquam
659 727 748 780 ratus
771 729 858 796 erat,
874 712 1045 779 descendit.
1062 712 1177 802 Itaque
1197 735 1291 779 exeo

215 835 359 912 tempore
374 821 421 886 ira
437 835 469 887 et
483 836 570 888 metu
587 821 720 904 anxius,
738 822 865 903 moliri,
879 844 1012 913 parare,
1027 834 1123 910 atque
1139 843 1177 886 ea
1191 821 1289 887 modo

215 952 291 994 cum
306 929 413 994 animo
426 929 561 1012 hahere,
577 931 694 1019 quihus
710 932 877 1022 Hiempsal
899 954 958 1023 per
981 929 1093 995 dolum
1107 943 1288 1019 caperetur.

217 1038 309 1122 Quae
324 1037 381 1102 ubi
396 1037 517 1103 tardius
532 1037 732 1130 procedunt,
751 1062 857 1130 neque
871 1040 991 1105 lenitur
1006 1036 1134 1104 animus
1148 1033 1262 1103 Ierox³
1281 1063 1290 1101 ε

215 1146 327 1213 statuit
342 1145 565 1234 quovismodo
580 1145 746 1238 inceptum
759 1146 922 1239 perficere.

261 1253 341 1320 XII.
366 1253 477 1318 Primo
491 1270 663 1335 conventu,
675 1278 771 1345 quem
787 1256 827 1321 ah
841 1255 961 1346 regulis
976 1253 1096 1320 sactum
1112 1273 1211 1343 supra
1225 1273 1291 1316 me·

117 1393 122 1404 ¹
214 1361 362 1443 moravi,
383 1376 516 1452 propter
537 1362 768 1430 dissensionem
790 1364 957 1453 placuerat
977 1361 1079 1427 dividi
1101 1359 1291 1439 thesauros,

216 1467 354 1558 fidisque
368 1469 496 1560 imperii
514 1471 649 1561 singulis
665 1471 826 1537 constitui.
843 1471 956 1560 ltaque
971 1484 1099 1560 tempus
1114 1467 1155 1532 ad
1168 1481 1290 1532 utram·

217 1600 281 1667 que
295 1600 363 1642 rem
377 1576 579 1660 decernitur,
594 1578 650 1644 sed
665 1579 822 1644 maturius
846 1578 887 1643 ad
908 1577 1081 1669 pecuniam
1095 1574 1288 1641 distribuen-

216 1685 298 1751 dam
316 1685 431 1776 Reguli
452 1687 573 1750 interea
595 1686 630 1749 in
653 1686 724 1751 loca
746 1685 930 1777 propinqua
950 1683 1108 1750 thesauris
1128 1682 1211 1747 alius
1225 1681 1292 1746 alio

215 1815 410 1859 concessere.
429 1791 494 1857 Sed
510 1792 675 1883 Hiempsal
690 1794 724 1858 in
740 1792 859 1884 oppido
870 1791 1036 1857 Thirmida
1051 1791 1133 1856 forte
1148 1793 1218 1876 ejus
1233 1791 1296 1857 doae

216 1922 269 1967 mo
292 1900 459 1981 utebatur,
483 1901 539 1990 qui
562 1923 738 1993 proxumus
761 1901 856 1969 lictor
869 1896 881 1935 ⁴
896 1899 1097 1990 Iugurthae,
1120 1920 1214 1964 carus
1237 1922 1296 1964 ao-·
1396 1946 1399 1949 -

216 2022 394 2099 ceptusque
409 2007 439 2073 ei
455 2031 580 2098 semper
594 2008 706 2076 suerat.
724 2010 830 2093 Quem
842 2008 897 2075 ille
912 2031 989 2074 casu
1003 2006 1187 2072 ministrum
1202 2006 1289 2071 ohla··

214 2129 285 2182 tum
300 2116 465 2206 promissis
482 2130 593 2182 onerat
607 2115 808 2208 inpellitque,
823 2117 873 2182 uti
891 2130 1054 2206 tamquam
1077 2136 1168 2180 auam
1181 2113 1291 2181 visens

214 2222 347 2289 domum
370 2238 440 2301 eat3
461 2239 627 2314 portarum
648 2224 753 2291 claves
769 2220 963 2289 adulterinas
977 2236 1070 2313 paret
1082 2248 1089 2286 :
1103 2243 1179 2286 nam
1193 2243 1290 2287 verae

173 2316 177 2331 ’
214 2330 256 2396 ad
272 2331 488 2423 Hiempsalem
508 2330 745 2397 referebantur:
761 2345 922 2412 ceterum,
937 2328 996 2395 nbi
1018 2353 1069 2396 res
1092 2329 1288 2420 postularet,

214 2460 250 2504 se
264 2438 372 2530 ipsum
386 2462 462 2506 cum
475 2462 591 2530 magna
606 2425 778 2508 venturum
790 2461 897 2505 manu.
907 2438 1047 2504 Numida
1055 2437 1203 2503 mandata
1217 2437 1288 2500 hre-

213 2545 247 2613 vi
268 2546 417 2614 conficit:
434 2562 546 2638 atque,
564 2547 613 2614 uti
628 2547 741 2614 doctus
757 2563 844 2631 erat,
859 2562 958 2614 noctu
972 2544 1156 2637 Iugurthae
1170 2542 1289 2609 milites

214 2651 398 2720 introducit
415 2655 482 2740 Qui
495 2671 666 2746 postquam
680 2656 715 2720 in
731 2656 824 2722 aedes
839 2656 1006 2748 inrupere,
1021 2655 1140 2721 diversi
1155 2653 1167 2691 ⁵
1181 2673 1288 2742 regem

215 2782 369 2850 quaerere
392 2787 400 2826 :
430 2762 617 2830 dormientis
639 2763 735 2846 alios,
757 2764 837 2831 alios
858 2763 1058 2831 occursantis
1077 2759 1287 2828 interficere:

215 2868 352 2934 scrutari
365 2869 437 2934 loca
453 2870 579 2949 abdita3
594 2870 703 2937 clausa
726 2870 915 2964 effringere:
932 2873 1067 2963 strepitu
1090 2885 1122 2935 et
1144 2867 1286 2934 tumultu

214 2976 323 3041 omnia
345 2976 499 3042 miscere:
515 3001 589 3043 cum
603 2979 732 3045 interim
747 2981 914 3072 Hiempsal
928 2981 1087 3072 reperitur
1096 3027 1113 3058 ,‚
1121 2974 1286 3042 occultans

214 3104 249 3151 se
263 3085 393 3177 tugurio
408 3086 552 3152 mulieris
568 3087 722 3168 ancillae,
742 3112 807 3178 quo
830 3089 923 3155 initio
945 3087 1082 3180 pavidus
1101 3099 1133 3151 et
1153 3084 1286 3175 ignarus

213 3190 278 3256 loci
291 3192 481 3283 perfugerat
498 3194 657 3262 Numidae
673 3210 771 3287 caput
785 3201 875 3282 ejus,
890 3197 939 3264 uti
952 3196 1034 3283 jussi
1049 3208 1154 3278 erant,
1170 3193 1211 3258 ad
1225 3194 1285 3259 Ju-

214 3298 364 3389 gurtham
378 3300 528 3368 referunt.
1061 3370 1064 3380 .

258 3406 356 3472 XIII.
382 3408 532 3476 Ceterum
546 3409 630 3477 fama
644 3413 730 3478 tanti
740 3406 890 3479 facinoris
914 3437 972 3503 per
996 3434 1123 3479 omnem
1140 3410 1284 3479 Africam

212 3514 303 3583 hreti
317 3515 507 3606 divulgatur.
524 3518 750 3601 atherbalem,
773 3524 958 3612 omnisque,
980 3523 1037 3612 qni
1054 3523 1113 3588 suh
1129 3523 1286 3614 Micipsae

211 3623 346 3717 imperio
360 3624 498 3710 fuerant,
513 3642 615 3694 metus
631 3629 760 3695 invadit.
775 3632 814 3696 In
830 3632 909 3697 duas
923 3631 1024 3721 partis
1039 3631 1284 3699 disceduntllu·

236 3841 246 3878 1
268 3822 451 3900 Jugurtham.
793 3827 880 3901 dSic
899 3831 1049 3893 dicebatur
1078 3834 1127 3910 qui
1154 3830 1285 3909 proxime

231 3915 251 3985 'a
264 3898 357 3968 Quasi
368 3901 458 3958 telum
472 3900 594 3990 infixum
605 3916 686 3965 tanto
696 3904 737 3967 al·
775 3907 973 3984 magistratum
995 3911 1040 3974 vel
1059 3930 1155 3991 regem
1166 3927 1289 3987 praeter

217 3984 284 4042 trus,
305 3990 414 4050 quanto
427 3991 539 4036 acutius
551 3980 610 4042 luit.
775 3981 870 4043 debat.

237 4047 256 4106 3
275 4049 363 4122 Idem,
378 4050 546 4133 Iugurthae.
793 4058 818 4133 5,
831 4059 887 4122 Alii
898 4061 974 4121 alio.-
