2888 4748
242 326 322 419 aas·
503 310 507 317 ’
535 317 571 382 c.
598 312 745 382 cursu
772 310 1014 382 sinnusru
1108 309 1117 323 ’

242 493 294 535 22.
319 468 409 534 Dum
423 465 591 557 paullatim
606 468 673 532 suis
689 465 827 532 invicem
842 465 1050 547 subveniunt,
1066 456 1181 532 omnes
1195 459 1230 527 in
1240 449 1318 529 bel-

307 579 375 642 lum
392 575 453 639 aeti
470 589 552 639 sunt.
570 574 616 637 Id.
635 573 763 637 Aeneid.
1253 589 1256 595 ·

301 700 374 745 uss·
383 697 474 743 nictu
482 691 892 754 murmurosam-su..

246 809 298 873 ot.
324 806 460 870 Militiae
475 805 605 894 peritus.
622 809 711 867 Ares.
728 808 822 867 Mess.
838 804 877 865 de
893 803 971 866 eloe.

304 931 367 975 Esco
377 929 405 974 sis
419 928 522 984 Pompeio
531 926 648 982 brabone,
660 926 688 969 sis
698 926 775 969 Pontio
786 925 900 978 'l'sitsiniu
910 934 949 968 nt
960 898 1097 976 utubios«.

247 1017 300 1116 od.
326 1040 368 1102 Et
384 1035 514 1101 Metello
530 1034 644 1123 procul
658 1048 787 1122 agente,
801 1033 896 1121 longa
912 1055 984 1123 spes
1003 1031 1202 1098 auxiliorum.
1224 1035 1316 1099 Sero.

310 1148 344 1209 in
366 1146 445 1228 Virg.
462 1142 590 1206 Aeneid.

285 1257 289 1265 '
306 1261 394 1319 egen·
405 1269 482 1307 οοιιιι
494 1260 612 1314 somnitus,
623 1257 786 1304 concinnast
797 1259 879 1304 uictu
889 1259 979 1304 Rososns
991 1267 1121 1317 pssnsmt.

244 1370 297 1436 25.
322 1369 464 1447 Bellum,
480 1365 597 1454 quibus
613 1365 848 1431 conditionibus
867 1380 992 1456 posset,
1015 1365 1180 1466 desineret.
1205 1365 1311 1432 Idem.

313 1475 425 1542 Bucol.

306 1595 409 1640 muns
419 1591 468 1636 rios
479 1592 504 1636 iss
512 1591 627 1647 Ssusitss.
637 1591 728 1636 uun
740 1597 865 1644 ιιιωιιιι,
876 1603 941 1647 qusns
952 1580 1059 1647 urpsbrirt
1069 1589 1150 1636 Uarios
1159 1599 1183 1637 ot
1192 1591 1274 1639 ciuus.

250 1707 303 1768 26.
330 1703 414 1766 Cum
429 1724 502 1765 arae
526 1714 557 1764 et
576 1701 638 1764 alia
654 1700 714 1765 diis
730 1715 851 1764 sacrata
870 1701 1053 1789 supplicum
1075 1701 1229 1791 sunguine
1244 1700 1312 1768 foe·
1360 1720 1363 1729 ·

314 1808 475 1873 darentur.
492 1808 538 1870 Id.
556 1807 683 1871 Aeneid.

307 1929 412 1985 Tempore
423 1925 494 1972 coedis
506 1925 616 1970 Ιιιίιιιο
625 1938 651 1969 ro
660 1925 798 1971 Soilsnnun
805 1924 995 1983 proscriptionum.

215 2074 218 2083 =
244 2060 304 2125 ⁰7·
330 2036 433 2120 Cujus
449 2033 580 2102 adversa
598 2033 772 2112 voluntate,
788 2034 948 2121 colloquio
970 2032 1124 2099 militibus
1143 2034 1313 2124 permisso,

315 2141 480 2230 corruptio
496 2139 578 2206 faeta
593 2161 772 2229 paucorum
793 2154 825 2204 et
839 2141 994 2207 exercitus
1016 2140 1124 2206 Sullae
1145 2141 1236 2207 dutus
1253 2158 1312 2211 cst.

315 2255 431 2313 Donat.
447 2250 480 2310 in
496 2246 641 2311 Eunueh.

305 2369 335 2414 Iu
345 2368 453 2425 colloquio
464 2365 520 2424 opud
530 2366 654 2418 nunnus
667 2365 779 2411 consessio
792 2364 900 2423 topiorum
911 2365 1019 2425 Scipionis
1030 2365 1057 2411 ssi
1069 2365 1167 2414 Solium
1177 2376 1260 2426 portos.

250 2475 302 2539 28.
327 2474 400 2538 Non
415 2471 668 2562 repugnantibus
683 2471 793 2552 modo,
809 2472 864 2536 sed
880 2496 920 2537 ue
935 2472 1049 2538 deditis
1069 2475 1199 2563 quidem
1213 2475 1253 2539 A.
1271 2477 1308 2542 Β.

319 2583 355 2645 G.
372 2581 417 2644 M.
433 2579 541 2661 (idest
561 2581 677 2643 unceis
701 2578 779 2643 betti
801 2580 909 2646 clades
933 2582 1180 2665 metuentibus).
1203 2584 1250 2648 ld.
1273 2588 1327 2648 iu.

316 2689 442 2752 Phorm.

307 2806 415 2864 Scipionis
425 2807 505 2853 uib'tss
515 2806 543 2852 ssi
551 2803 650 2852 Sullsuu
660 2813 731 2863 portes
741 2807 863 2855 mutini.
894 2819 897 2824 ·

251 2937 301 3001 29.
327 2914 428 3003 Equis
461 2928 492 2979 et
522 2914 618 2979 armis
641 2915 808 2982 decoribus
828 2916 942 2981 cultus.
973 2917 1071 2981 Prisc.
1091 2942 1190 3006 grum.
1213 2918 1311 2984 deno-

316 3023 457 3085 minatio.

308 3141 421 3199 Pompeius
432 3144 456 3187 in
464 3142 556 3201 prosiio·
571 3188 573 3192 ,

250 3232 301 3314 30.
328 3234 454 3316 Quibus
475 3233 514 3299 dc
536 3234 640 3298 causis
665 3233 788 3298 Sullam
808 3233 842 3298 in
864 3233 997 3301 victoria
1019 3236 1204 3305 dictatorem
1226 3260 1311 3327 equo

315 3338 524 3420 descendere,
540 3341 601 3404 sibi
616 3340 675 3405 uni
695 3341 865 3432 adsurgere
887 3343 927 3408 de
949 3343 1044 3427 sellu,
1067 3361 1163 3437 eaput
1185 3346 1321 3436 operire,

314 3447 452 3512 solitum.
470 3451 590 3512 Nonius
607 3450 753 3512 Marcell.

307 3565 407 3610 Honores
418 3581 431 3609 s
443 3566 501 3611 Sulla
514 3566 587 3622 jussui
598 3567 700 3624 Pompeio
711 3567 791 3614 tibist.

248 3673 299 3737 31.
326 3672 424 3761 Apud
441 3671 610 3736 Praeneste
625 3673 756 3737 locatus.
774 3677 872 3740 Prisc.
885 3700 984 3763 pout.
1000 3680 1039 3744 de
1054 3677 1139 3743 adv.

307 3792 388 3839 usuc·
398 3794 480 3846 inrisu
496 3792 601 3849 proclinus
612 3791 639 3836 sti
650 3792 803 3849 Ssoripostom.

249 3897 299 3971 βα.
325 3900 366 3962 Et
383 3900 504 3962 Marius
520 3900 622 3964 vietus
639 3901 854 3989 duplicaverat
867 3905 996 3970 bellurn.
1014 3906 1140 3969 Servius
1156 3905 1189 3969 in
1206 3911 1286 3970 Bur:

241 4063 245 4069 ,
314 4019 398 4076 ‚Heliou
406 4020 486 4083 duplos
495 4029 569 4067 contro
576 4021 696 4072 Csrhousu's
703 4025 830 4074 ottontiosn
836 4027 967 4088 rucuooop
974 4026 1043 4073 usus
1054 4025 1081 4073 od
1090 4025 1234 4086 Sacriportum
1242 4028 1310 4074 siots.
