2888 4748
254 332 321 411 aad
553 331 591 399 G.
617 327 767 400 CRISPI
793 329 1059 403 SALLUSTII.

255 509 284 569 9.
309 480 408 546 Nobis
423 479 546 571 primae
562 480 775 549 dissensiones
790 483 869 552 vitio
884 482 1021 550 humani
1037 483 1160 574 ingenii
1177 501 1336 571 evenere,

322 590 408 680 quod
423 590 549 680 inquies
565 607 660 681 atque
679 592 871 657 indomitum
891 616 1016 683 semper
1035 593 1069 656 iu
1091 596 1268 660 certamine
1290 597 1337 659 li-

321 698 471 778 bertatis,
486 714 542 763 aut
558 700 695 787 gloriae,
714 715 770 764 aut
789 700 1016 767 dominationis
1039 701 1114 790 agit.
1140 705 1337 770 Priscianus

278 783 291 848 l
318 833 419 893 gram.
437 808 458 870 l.
477 809 505 870 3.
522 832 591 893 cop.
607 808 647 872 de
663 823 836 894 comparat.

315 930 350 974 De
361 930 450 988 antiqno
460 938 517 976 stata
528 932 621 988 Rslpob.

260 1049 309 1092 ro.
335 1027 421 1092 Male
436 1030 502 1110 jam
517 1028 686 1093 adsuetum
701 1027 742 1092 ad
763 1025 867 1093 omnis
889 1026 938 1096 vis
960 1023 1259 1093 controversiarum.
1281 1028 1337 1094 ld.

325 1135 380 1198 lib.
400 1140 427 1200 6.
445 1137 652 1200 denominat.

316 1258 402 1305 rubas
414 1261 527 1317 populares
538 1275 552 1305 ι
564 1260 658 1306 (lumbi
669 1267 766 1318 tempore
775 1259 861 1305 atine.

262 1378 312 1420 ιι.
337 1355 421 1419 Nam
435 1380 454 1420 a
469 1355 646 1446 primordio
661 1356 751 1421 urbis
766 1354 808 1419 ad
821 1352 944 1418 bellum
964 1351 1056 1416 Persi
1076 1350 1334 1418 Macedonicum.

324 1465 372 1529 ld.
390 1464 444 1526 tib.
467 1489 515 1552 17.
531 1465 571 1527 de
587 1479 757 1527 construet.

318 1585 478 1632 Contentiones
490 1590 551 1632 fuera
558 1586 587 1631 de
597 1586 709 1632 eoumlrtn
720 1585 824 1644 protutor
835 1585 893 1630 inter
902 1591 925 1628 st
936 1583 1040 1640 plebeios.

261 1705 311 1746 12.
338 1681 383 1747 At
398 1681 559 1747 discordia
575 1697 607 1747 et
623 1681 756 1748 avaritia
775 1696 872 1772 atque
894 1678 1038 1757 ambitio,
1054 1690 1085 1742 et
1101 1691 1204 1743 cetera
1220 1699 1335 1743 secun·

324 1789 373 1855 dis
389 1791 486 1857 rebus
510 1791 587 1856 oriri
611 1805 701 1856 sueta
722 1790 823 1870 mala,
846 1802 920 1879 post
945 1786 1149 1874 Carthaginis
1172 1786 1335 1851 excidium

324 1919 473 1963 maxume
488 1914 584 1965 aucta
601 1914 684 1965 sunt
700 1899 783 1962 Nam
799 1897 937 1981 injuriae
952 1895 1160 1975 validiorum,
1176 1908 1207 1958 et
1222 1893 1262 1958 ob
1279 1917 1335 1959 eas

326 2004 481 2071 discessio
504 2007 607 2096 plebis
634 2031 653 2071 a
672 2006 818 2096 patribus
838 2005 984 2094 aliaeque
1006 2002 1222 2068 dissensiones
1247 2000 1337 2066 domi

324 2112 416 2178 fuere
431 2117 496 2197 jam
511 2114 587 2178 inde
602 2136 620 2178 a
642 2112 823 2204 principio:
847 2136 954 2202 neque
975 2111 1113 2200 amplius
1136 2132 1232 2199 quam
1244 2108 1338 2199 ⁴regi·

325 2219 387 2283 bus
407 2222 543 2301 exactis,
566 2219 644 2285 dum
667 2236 771 2286 metus
796 2245 814 2284 a
840 2219 1017 2308 Tarquinio
1040 2233 1071 2284 et
1092 2219 1213 2284 bellum
1236 2239 1336 2306 grave

326 2350 403 2391 cum
424 2329 554 2393 Etruria
576 2329 717 2418 positum
741 2342 807 2408 est,
828 2351 931 2417 aequo
953 2341 986 2392 et
1007 2327 1150 2391 modesto
1173 2330 1244 2410 jure
1267 2324 1339 2415 agi·

326 2448 450 2501 tatum:
467 2435 541 2502 dein
557 2436 665 2503 servili
680 2437 817 2525 imperio
832 2448 940 2525 patres
961 2434 1087 2524 plebem
1106 2456 1270 2514 exercere,
1293 2433 1338 2500 dc

327 2544 394 2610 vita
411 2559 508 2635 atque
524 2560 613 2633 tergo
635 2543 729 2633 regio
745 2567 834 2610 more
850 2543 1035 2609 consulere:
1052 2566 1128 2631 agro
1143 2543 1274 2633 pellere,
1290 2557 1338 2625 et,

327 2653 441 2717 ceteris
457 2653 656 2743 expertibus,
672 2652 732 2717 soli
748 2652 782 2714 in
803 2650 938 2741 imperio
958 2673 1060 2739 agere.
1082 2650 1209 2733 Quibus
1230 2650 1336 2718 saevi·

325 2759 381 2823 tiis
410 2774 442 2824 et
472 2783 620 2826 maxume
644 2758 786 2824 foenoris
809 2781 906 2822 onere
929 2781 1080 2848 oppressa
1100 2758 1231 2847 plebes,
1255 2780 1337 2825 cum

324 2867 464 2931 assiduis
480 2868 572 2932 bellis
592 2868 749 2933 tributum
770 2865 867 2930 simul
887 2880 918 2930 et
933 2865 1080 2932 militiam
1100 2865 1267 2946 toleraret,
1283 2889 1337 2931 ar-

327 2988 413 3039 mata
430 2975 575 3038 Mentem
592 2975 727 3038 Sacrum
749 2989 846 3062 atque
867 2956 1209 3039 Aventinum-insedit.
1229 2974 1332 3038 Tum·

325 3104 389 3169 que
404 3081 551 3146 tribunos
566 3080 669 3171 plebis
686 3095 718 3144 et
736 3080 798 3144 alia
819 3079 880 3144 sibi
902 3083 975 3162 jura
994 3079 1127 3168 paravit.
1145 3079 1338 3146 Discordia·

323 3209 397 3252 rum
413 3203 444 3252 et
460 3188 643 3253 certaminis
659 3186 822 3275 utrimque
837 3184 912 3248 finis
928 3184 992 3253 fuit
1013 3186 1191 3254 secundum
1210 3186 1338 3256 bellum

325 3294 497 3360 Punicum.
516 3300 551 3359 S.
568 3297 762 3384 Augustinus
777 3294 817 3358 de
838 3294 901 3357 civ.
917 3297 956 3359 D.

316 3415 352 3461 De
363 3419 437 3476 priseo
448 3418 543 3476 Relpnb.
554 3427 620 3465 statu.

259 3511 311 3576 13.
339 3513 493 3600 Optumis
511 3528 618 3577 autem
633 3515 777 3580 moribus
794 3529 825 3581 et
839 3537 988 3582 maxuma
1007 3517 1179 3585 concordia
1200 3516 1264 3605 egit
1278 3539 1340 3605 po·

324 3620 424 3709 pulus
442 3621 612 3684 Romanus
636 3620 719 3685 inter
741 3623 920 3705 secundum
941 3640 1038 3717 atque
1057 3640 1254 3716 postremum
1269 3623 1340 3690 bel·

320 3725 392 3790 lum
411 3726 687 3817 Carthaginiense.
704 3729 751 3792 Id.
818 3755 824 3765 ’

312 3832 375 3880 thid.
459 3844 462 3848 '

255 3923 320 4004 sd,
336 3927 542 4015 Postquam,
562 3944 685 3994 remoto
708 3945 796 3996 metu
813 3933 964 4016 Punico,
993 3933 1168 4000 simultates
1190 3955 1340 4003 exercere

321 4055 462 4103 vacuum
477 4033 560 4118 luit,
576 4035 739 4133 plprimae
753 4039 890 4124 turbae,
910 4041 1099 4128 seditiones,
1114 4042 1200 4113 etad
1214 4055 1338 4150 postre-
