2888 4748
255 331 339 430 ass
548 328 583 392 c.
609 325 757 391 cntsrr
784 325 1025 394 sltnusnt

252 481 386 545 turbatis
411 478 558 544 omnibus
587 502 652 543 non
680 493 811 569 poterat.
843 480 983 568 Jamque
1014 477 1081 542 dies
1113 486 1323 546 consumatus

241 603 336 666 erat,
359 610 434 652 cum
457 601 561 657 tamen
585 586 712 651 barbari
736 585 817 651 nihil
840 587 1018 650 remittere:
1035 600 1147 673 atque,
1162 588 1208 651 uti
1230 610 1320 676 reges

253 709 497 784 praeceperant,
521 709 647 758 noctem
669 717 729 782 pro
757 717 791 762 se
814 694 875 758 rati
895 705 925 773 ¹,
948 692 1054 757 acrius
1082 692 1208 772 instare.
1235 695 1321 757 Tum

255 803 379 867 Marius
402 827 440 866 ex
463 802 555 891 copia
578 824 685 865 rerum
708 801 879 870 consilium
902 800 1019 892 trabit3
1044 815 1157 889 atquc,
1180 800 1229 864 uti
1253 801 1330 875 suis¹

256 910 399 999 receptui
422 909 513 973 locus
537 920 635 987 esset,
659 908 750 973 collis
779 909 859 973 duos
882 907 1082 997 propinquos
1105 908 1188 973 inter
1212 929 1245 972 se
1269 931 1322 971 oc-

255 1029 361 1106 cupat.
388 1017 534 1097 Quorum
557 1015 591 1077 in
606 1038 688 1094 uno,
704 1015 814 1082 castris
830 1037 944 1103 parum
960 1015 1065 1102 amplo
1079 1026 1107 1093 ¹,
1127 1013 1199 1078 fons
1219 1037 1321 1101 aquae

257 1147 391 1212 magnus
415 1137 500 1186 erat:
530 1122 608 1185 alter
635 1121 709 1185 usui
739 1123 958 1211 obportunus,
988 1123 1063 1211 quia
1093 1144 1208 1210 magna
1230 1135 1322 1210 parte

259 1231 363 1295 editus
393 1243 425 1294 et
455 1251 626 1318 praeceps3
655 1251 759 1316 pauca
788 1229 985 1294 munimento
1017 1228 1136 1316 egebat.
1171 1229 1322 1292 Ceterum

258 1337 347 1426 apud
365 1359 485 1426 ¹aquam
502 1335 626 1398 Sullam
649 1356 723 1398 cum
746 1335 908 1422 equitibus
931 1349 1057 1400 noctem
1082 1335 1200 1423 agitare
1223 1337 1320 1418 jubet.

248 1447 334 1535 ,lpse
362 1443 529 1532 paullatim
557 1441 715 1530 dispersos
739 1443 875 1522 milites,
904 1464 1008 1531 neque
1039 1443 1145 1507 minus
1176 1442 1322 1507 hostibus

261 1551 472 1629 conturbatis,
495 1550 528 1612 in
553 1572 653 1613 unum
677 1548 853 1613 contrahit:
875 1549 947 1613 dein
962 1549 1205 1639 cunctos-pleno
1221 1549 1322 1638 gradu

261 1660 295 1723 in
312 1659 425 1723 collem
440 1656 596 1729 subducit.
615 1655 663 1720 lta
678 1677 784 1743 reges,
804 1655 866 1721 loci
886 1655 1073 1721 difficultate
1094 1656 1214 1738 coacti,
1228 1680 1321 1745 proe-

260 1767 305 1832 lio
329 1765 545 1842 deterrentur3
568 1786 670 1850 neque
693 1778 797 1826 tamen
826 1787 900 1828 suos
923 1764 1050 1852 longius
1079 1764 1167 1828 abire
1191 1765 1321 1844 sinunt,

262 1874 337 1954 sed,
364 1887 500 1962 utroque
518 1871 608 1946 ,colle
638 1870 841 1934 multitudine
870 1871 1065 1935 circumdato
1094 1870 1188 1935 effusi
1211 1894 1321 1935 conse·

262 1981 345 2046 dere.
370 1980 473 2059 Dein,
497 1978 614 2043 crebris
638 1978 765 2066 ignibus
788 1976 899 2058 factis,
921 1979 1110 2069 plerumque
1132 1977 1234 2044 noctis
1250 1979 1322 2042 har-

261 2088 331 2154 bari
354 2111 441 2164 more
464 2110 522 2150 suo
545 2085 671 2164 laetari,
686 2085 856 2167 exsultare,
873 2099 1011 2175 strepere
1026 2087 1180 2153 vocibus:
1203 2102 1244 2151 et·
1257 2085 1321 2175 ipsi

214 2193 215 2196 ¹
260 2196 358 2261 duces
380 2194 501 2258 feroces
516 2195 546 2271 ³,
569 2193 644 2281 quia
667 2215 732 2256 non
755 2192 880 2280 fugere,
902 2207 939 2258 ut
953 2217 1012 2283 pro
1027 2195 1202 2261 victoribus
1218 2217 1319 2282 agere.

263 2303 328 2368 Sed
350 2326 387 2392 ea
410 2314 524 2366 cuncta
554 2299 730 2380 Romanis,
753 2322 790 2363 ex
813 2300 951 2364 tenebris
979 2315 1011 2366 et
1033 2300 1218 2366 editioribus
1241 2302 1322 2367 locis

249 2410 366 2476 ¹facilia
388 2409 476 2488 visu,
499 2430 676 2496 magnoque
699 2407 922 2473 hortamentot
947 2423 1044 2473 erant.

311 2518 397 2585 CIV.
422 2515 601 2579 Plurimum
626 2536 698 2589 vero
730 2515 852 2580 Marius
879 2515 1028 2604 inperitia
1055 2514 1222 2581 hostium⁵
1245 2539 1320 2581 con·

261 2625 422 2703 firmatus,
446 2645 542 2711 quam
564 2644 746 2686 maxumum
770 2623 931 2689 silentium
951 2622 1060 2686 baberi
1083 2624 1192 2707 jubent
1216 2647 1257 2689 ne
1281 2623 1323 2688 si-

261 2755 324 2819 gna
348 2729 493 2819 quidem,
517 2729 566 2794 uti
588 2754 646 2818 per
668 2730 792 2818 vigilias
821 2730 981 2809 solebant,
1006 2754 1118 2795 canere
1132 2733 1164 2794 ⁶¹:
1188 2729 1322 2811 deinde,

261 2838 319 2902 ubi
341 2837 397 2902 lux
419 2836 621 2916 adventabat,
642 2837 774 2911 ,defessis
799 2841 863 2919 jam
884 2838 1028 2902 hostibus
1056 2863 1093 2902 ac
1115 2837 1223 2927 paullo
1248 2852 1322 2902 ante

250 2968 373 3011 ‚somno
398 2946 517 3033 captis,
541 2945 580 3018 de
603 2945 766 3034 inproviso
789 2946 953 3036 vectigalia
968 2958 998 3027 ⁷,
1020 2946 1097 3009 item
1120 2944 1322 3024 cohortium,

283 3209 294 3243 1
311 3187 371 3244 Sibi
383 3186 488 3243 auxilio
500 3186 559 3243 sore
571 3187 607 3242 ad
616 3188 771 3245 victoriam.
811 3197 839 3242 et
858 3195 910 3262 p'er
929 3195 1041 3242 noctem
1067 3197 1155 3242 semet
1173 3185 1251 3262 ipsos
1271 3182 1320 3240 de-

282 3283 297 3316 ·›.
317 3263 382 3320 Non
394 3276 487 3320 tantae
499 3264 671 3340 capacitatis,
682 3276 713 3319 ut
724 3285 771 3319 ca·
810 3263 966 3339 fatigarent.

253 3353 319 3402 ,stra
339 3341 467 3396 Romana
495 3360 595 3417 capere
622 3354 717 3416 posset
744 3354 773 3397 et
828 3340 929 3397 6Nox
946 3340 975 3395 in
987 3352 1111 3414 quatuor
1124 3340 1241 3413 vigilias
1251 3336 1321 3392 divi-

261 3416 414 3474 continere.
814 3415 954 3484 debatur,
975 3436 1097 3491 quarum
1118 3415 1244 3489 singulae
1265 3425 1323 3466 tres

279 3485 297 3547 3
317 3493 413 3549 Duces
432 3492 497 3549 elati
517 3505 606 3561 erant,
627 3493 772 3566 quianon
810 3493 895 3548 horas
920 3493 1111 3550 continebant.
1145 3492 1323 3564 Vigiliarum

258 3569 391 3644 fugerent
409 3580 437 3624 et
456 3566 541 3624 eolles
559 3568 730 3639 obsiderent,
742 3570 772 3624 in
810 3581 904 3625 autern
917 3570 995 3642 signa
1008 3581 1035 3624 et
1046 3566 1240 3625 distinctiones
1251 3565 1322 3619 buc-

203 3687 208 3691 ·
252 3645 368 3719 ‘quibus
388 3657 470 3700 erant
489 3643 619 3703 Romani.
815 3646 878 3701 cina
899 3643 1050 3703 dabantur.

277 3720 477 3796 [isperabant
497 3721 573 3778 enirn
599 3719 695 3777 hostes
723 3734 772 3778 aut
885 3720 1041 3776 Tubicines
1065 3715 1196 3776 videlicet
1223 3733 1324 3771 eorum

260 3795 394 3866 defessos,
414 3809 465 3854 aut
484 3797 591 3872 sopitos
611 3796 686 3866 sore,
707 3817 773 3852 cum
811 3741 933 3852 militum
970 3814 1043 3871 quos
1069 3791 1191 3869 populi,
1218 3790 1324 3866 quibu-

259 3891 342 3928 manc
362 3871 503 3948 proelium
522 3872 735 3930 instauraretur.
808 3892 888 3929 scum
908 3883 968 3928 erat
987 3882 1122 3947 paetum,
1151 3867 1214 3924 loeo
1235 3866 1323 3924 vecti-

280 3946 461 4024 5Imparitia
488 3968 591 4023 nempe
611 3947 697 4018 belli,
720 3949 770 4022 qui
808 3948 878 4024 galis
899 3945 986 4001 annui
1004 3945 1177 4003 tenebantur
1204 3943 1329 4013 mittere,

259 4016 774 4101 nonmcliusutereutnrsortunasua,
811 4026 961 4102 ingruente
981 4019 1069 4086 bello,
