2888 4748
409 350 599 440 sottum
622 344 960 441 ruounrnrnun‘
1154 351 1213 440 atr

151 506 192 585 tis
217 516 267 585 sui
288 530 496 610 praeventum
517 546 524 586 ε
547 522 728 588 lacrumans
750 513 925 585 obtestatur
951 512 1012 606 ‘per
1041 513 1225 585 amicitiores

147 653 267 715 perque
283 653 342 692 sua
358 631 608 715 anteofldelt'ter
622 646 718 709 acta,
737 643 778 693 ne
792 644 888 715 cuper
902 627 963 692 toli
976 628 1095 692 scelere
1111 644 1221 731 susp&

65 794 67 799 .
148 752 233 813 etum
249 760 315 800 sese
332 737 473 802 baberet.

194 843 336 908 LXXV.
363 843 414 910 Ad
436 867 472 908 ea
491 862 546 911 rex
567 842 669 924 aliter,
685 836 781 933 atquc
806 836 912 908 animo
936 843 1076 931 gerebat,
1091 841 1220 931 placida

147 948 319 1040 respondit.
331 950 518 1030 Bomilcare,
528 950 662 1042 aliisquo
677 945 797 1031 multis,
808 967 894 1039 'quos
910 951 1013 1014 socios
1029 940 1219 1014 insidiarum

146 1071 366 1146 cognoverat,
389 1055 586 1139 interfectis,
609 1061 691 1124 iram
712 1061 940 1149 obpresserat,
963 1073 1004 1120 no
1033 1075 1096 1147 qna
1119 1075 1157 1122 ex
1179 1075 1218 1124 oo

146 1165 274 1254 negotio
292 1159 403 1228 seditio
421 1163 564 1228 oriretur.
586 1165 697 1256 Neque
719 1180 792 1256 post
813 1159 847 1230 id
869 1158 1014 1229 locorum
1035 1159 1220 1254 «Iugurtham

148 1271 231 1351 dics,
247 1262 301 1336 eut
323 1293 386 1336 nox
404 1264 475 1335 ¹ulle
498 1272 605 1361 quieta
627 1269 707 1338 fuit:
728 1291 832 1364 neque
855 1272 947 1354 loco,
962 1267 1067 1361 noque
1091 1273 1219 1338 mortali

149 1379 316 1469 cuiquam,
331 1395 387 1445 aut
401 1381 536 1471 tempori
552 1381 627 1447 satis
644 1382 790 1448 credere:
807 1383 905 1463 civis,
920 1381 1021 1446 bostis
1037 1384 1137 1465 juxta,
1153 1395 1220 1447 rus-¹

147 1497 259 1564 tuere3
281 1488 546 1579 circumspectare
569 1490 677 1554 omnia
699 1505 730 1555 ct
748 1491 840 1555 'omni
864 1489 997 1580 strepitu
1019 1504 1219 1579 patesceret

146 1594 210 1658 alio
234 1609 328 1683 atque
343 1597 406 1659 alio
422 1596 512 1677 loco,
528 1613 623 1687 saepe
645 1611 756 1663 contra
775 1590 872 1664 decus
889 1596 1035 1686 reglum,
1051 1609 1149 1662 noctu
1169 1611 1219 1661 re·

147 1701 330 1789 quiescere:
346 1703 640 1769 interdumsomnc
663 1706 804 1785 excitus,
819 1704 957 1794 adreptis
981 1702 1076 1768 armis
1099 1703 1218 1768 tumul·

146 1820 216 1873 tum
230 1808 333 1875 facere
348 1823 379 1874 ¹:
395 1811 439 1875 ito
454 1810 643 1888 formidine,
659 1813 751 1900 quasi
766 1811 934 1888 secordia,
950 1810 1110 1898 exagitari.
1216 1806 1219 1811 ’

192 1917 351 1982 LXXVI.
377 1918 481 2005 Igitur
497 1919 667 1998 Metellus,
683 1919 739 1982 ubi
763 1918 803 1982 de
825 1936 902 1982 casu
920 1910 1107 1982 Bomilcaris
1123 1931 1155 1982 et
1169 1911 1220 1981 irt-

146 2022 230 2085 dieio
245 2024 402 2111 patefacto
418 2048 455 2089 ex
470 2025 612 2114 perfugis
630 2025 793 2113 cognovit,
807 2038 919 2090 tnrsn's
933 2034 1098 2112 tamquam
1113 2023 1154 2086 ad
1169 2022 1219 2086 in-

146 2143 269 2218 tegrum
283 2130 403 2195 bellum
420 2148 534 2198 cuncta
549 2145 641 2223 parat
656 2134 855 2222 festinatque.
866 2132 1016 2210 Marium,
1032 2130 1218 2220 fatigantem

145 2235 184 2299 de
202 2236 421 2326 profectione,
446 2240 542 2305 simul
564 2256 595 2307 ct
617 2241 754 2308 invitum
781 2255 813 2305 et
831 2233 993 2304 ostentum
1017 2232 1078 2302 sibi
1101 2255 1218 2326 parum

144 2342 295 2409 idoneum
316 2361 423 2427 retus,
439 2349 570 2414 domum
585 2349 724 2412 dimittit.
743 2349 785 2411 Et
800 2349 922 2411 Romae
936 2346 1066 2436 plebes,
1081 2342 1218 2422 litteris,

144 2473 226 2537 quae
250 2452 289 2516 dc
312 2455 442 2520 Metello
465 2480 502 2520 cc
527 2455 630 2518 Mario
654 2454 769 2519 missae
793 2468 903 2534 erant,
928 2451 1082 2543 cognitis,
1096 2449 1219 2519 volenti

144 2558 251 2622 animo
272 2559 311 2624 de
335 2563 487 2626 ambobus
503 2565 512 2587 ¹
529 2576 727 2652 acceperant,
743 2561 933 2652 Imperatori
949 2557 1116 2639 nobilitas,
1132 2576 1217 2648 quas

143 2678 236 2728 antea
252 2665 359 2732 decori
375 2669 496 2749 fuerat,
512 2669 651 2736 invidiae
666 2693 754 2735 csse:
771 2685 803 2735 at
827 2670 874 2732 illi
898 2669 989 2734 alteri
1006 2667 1133 2758 ‘generis
1155 2666 1216 2731 bu·

141 2773 259 2839 militas
274 2774 415 2841 favorem
431 2777 612 2842 addiderat:
634 2793 775 2843 ceterum
790 2778 823 2842 in
839 2792 977 2866 utroquo
993 2775 1093 2866 magis
1111 2773 1218 2841 studia

138 2881 298 2969 paruum,
321 2905 418 2970 quam
437 2884 521 2948 bona
545 2900 600 2950 aut
623 2887 707 2950 mala
731 2905 788 2952 sus
803 2899 834 2966 ³,
853 2885 1024 2950 moderata.
1047 2885 1218 2948 Praeterea

143 2987 284 3052 seditiosi
300 2991 502 3079 magistratus
518 2996 529 3036 ⁴
543 2995 677 3083 vulgum
693 2994 867 3082 exagitare,
883 2993 1051 3058 Metellum
1066 2989 1218 3054 omnibus

143 3097 351 3162 concionibus
374 3100 487 3189 cepitis
512 3086 688 3182 arcessere,
712 3098 808 3166 Marii
829 3091 980 3168 virtutem
996 3100 1030 3162 in
1046 3101 1150 3181 majus
1166 3118 1220 3162 cas

88 3276 90 3279 ¹
142 3201 273 3266 lebrare.
291 3205 441 3296 Denique
455 3209 564 3298 plebes
585 3212 631 3274 sic
653 3232 786 3274 accensa
800 3215 830 3289 ⁵,
846 3208 893 3272 uti
910 3201 1041 3297 opifices
1071 3204 1221 3294 agrestio

144 3332 206 3396 que
222 3311 346 3392 omnis,
366 3326 505 3401 quorum
527 3340 578 3388 res
602 3315 745 3405 fidosque
767 3317 801 3380 in
824 3314 1093 3380 manibussaitac
1107 3327 1222 3393 erant,

165 3542 175 3578 1
199 3523 289 3593 Quasi
298 3522 428 3579 adessent
440 3524 490 3598 qui
501 3525 559 3582 vim
571 3535 656 3602 pora&
694 3525 740 3583 vel
752 3526 862 3582 minore
868 3524 951 3581 Marii
963 3530 1012 3581 aut
1023 3519 1139 3589 Metelli,
1147 3516 1217 3577 alte-

142 3611 220 3666 reut3
240 3600 278 3655 ita
296 3601 372 3655 enim
384 3601 512 3658 accidere
524 3602 594 3658 solet
606 3617 656 3672 ut,
695 3603 768 3657 nutri
783 3602 865 3678 plebs
876 3615 926 3658 aut
939 3600 1070 3656 nobilitas
1082 3597 1197 3657 favebas
1209 3620 1217 3663 ;

143 3694 216 3748 quae
228 3688 360 3732 metuunt
368 3676 507 3748 homines,
516 3699 569 3754 por
582 3699 657 3734 sorn-
696 3699 782 3753 quam
796 3679 863 3754 quia
876 3697 942 3734 suos
953 3676 1069 3750 utrique
1081 3671 1219 3730 extollere

141 3771 212 3806 num
224 3754 308 3808 etiarn
321 3767 474 3809 occurrant
482 3767 658 3812 exterreant·
697 3755 842 3812 solebant.

144 3847 209 3902 que.
716 3829 736 3900 lp
755 3829 879 3886 Tribuni
891 3826 991 3906 plebis.

163 3921 178 3957 2
199 3904 291 3962 Idcst:
314 3925 388 3982 quae
404 3906 660 3985 perscribebantur
717 3905 735 3964 5
757 3907 858 3964 Studio
878 3906 909 3961 in
928 3903 1059 3960 Marium.

144 3977 179 4034 tle
191 3981 342 4056 utriusque
355 3983 479 4040 dissidio.
716 3985 735 4041 6
756 3985 889 4055 Quorum
899 4001 945 4040 res
957 3996 1118 4055 censusque
1134 3975 1217 4036 labo·

163 4053 180 4111 3
200 4055 265 4115 Non
276 4070 335 4115 tam
355 4080 389 4117 ex
406 4061 540 4139 opinione
552 4064 660 4139 majore
698 4079 730 4118 re
742 4057 912 4137 quotidiano
922 4057 1090 4141 parabatur.
