2858 4740
265 326 332 403 284
598 326 603 337 “
672 319 895 389 EPISTOLA
918 318 936 386 l

307 471 405 540 Xlll.
431 469 476 537 At
491 465 554 538 boo
573 485 715 562 tempore
739 487 850 538 eontra
872 469 1016 536 hominos
1030 469 1196 550 nobiles,
1213 485 1349 561 quorun

261 583 387 647 animos
403 578 549 645 socordia
563 593 664 668 atque
686 578 814 666 ignavia
839 579 972 658 invasit,
991 577 1098 668 ignari
1124 576 1278 660 loboris,
1295 579 1347 645 bo·

261 689 379 769 stium,
401 686 555 767 militiae,
585 685 673 751 domi
698 685 837 751 statione
859 684 1028 765 instructi,
1058 706 1125 774 per
1159 684 1348 776 superbiam
1412 730 1417 737 -

263 795 391 861 eunetis
405 793 552 884 gentibus
563 792 780 858 moderantur.
797 793 909 881 ltaque
923 806 1048 882 patres,
1068 806 1230 880 quorum
1251 794 1348 858 oonsi-

264 902 311 967 lio
326 916 418 967 antea
433 900 530 966 dubia
545 899 739 989 Respublica
754 897 983 978 stabiliebatur,
996 896 1174 988 obpressi;
1191 923 1235 964 ox
1251 899 1349 967 aliena

262 1009 398 1075 libidine
412 1007 477 1072 bne
492 1020 588 1095 atque
602 1006 680 1072 illue
695 1005 885 1071 fluctuantes
901 1003 1266 1093 agitantur3iuterrlum
1279 1007 1346 1088 alia,

261 1115 379 1181 deinde
393 1114 456 1179 alia
473 1113 665 1178 doeernunt:
689 1125 727 1178 ut
745 1134 872 1192 eorum,
895 1111 1216 1211 q'ui·dominantur,
1242 1104 1346 1179 simul·

263 1237 314 1289 tas
341 1246 380 1287 ao
407 1218 594 1309 adrogantia
620 1218 707 1300 sert,
728 1218 773 1284 ita
795 1218 916 1284 bonum
947 1218 1142 1307 malumque
1174 1221 1345 1310 publicum

264 1329 455 1397 existimant
477 1326 572 1410 Quod
594 1326 623 1391 si
644 1339 699 1391 aut
720 1325 850 1391 libertas
874 1325 1174 1415 nequeenim,
1198 1341 1264 1395 aut.
1285 1351 1346 1394 seu·

264 1441 365 1510 tentia
380 1434 544 1526 obscurior
559 1447 659 1512 esset3
674 1433 848 1517 majoribus
869 1432 985 1522 opibus
1000 1431 1232 1521 Respublioa,
1247 1448 1282 1500 et
1295 1436 1346 1499 mi·

266 1574 329 1616 nus
344 1559 458 1636 potens
471 1540 621 1606 nobilitas
636 1552 726 1604 esset
749 1538 812 1602 Sed
835 1538 987 1627 quonium
1009 1541 1194 1628 nonoquuri
1204 1543 1345 1631 gratiam

265 1654 413 1720 omnium
426 1645 559 1714 difficile
574 1658 640 1723 est3
655 1644 775 1734 quippe
790 1666 864 1709 oum
878 1643 942 1709 illis
963 1647 1127 1729 majorum
1147 1647 1265 1715 virtus
1277 1664 1346 1741 p'ar·

265 1776 333 1828 tam
346 1755 512 1848 reliquerit
525 1752 677 1850 glorium,
696 1751 896 1842 dignitatem,
919 1750 1103 1816 clientelas:
1129 1770 1248 1821 uetera
1271 1757 1348 1823 mul.

266 1866 371 1935 titudo
385 1864 538 1956 pleraque
552 1860 672 1936 inseia3
691 1858 862 1924 sententias
883 1880 996 1924 eorum
1017 1880 1036 1923 a
1051 1873 1147 1926 metu
1163 1860 1287 1930 libera,
1303 1865 1347 1930 ln

263 1969 473 2040 oeooltooibi
493 1968 629 2058 quisque
651 1966 781 2031 alterius
796 1965 938 2056 potentia
953 1964 1057 2031 uerior
1071 1966 1140 2032 erit
1157 1971 1176 2031 ¹.
1195 1970 1347 2038 Libertas

267 2084 357 2167 juxta
370 2077 463 2144 bonis
484 2091 516 2142 et
538 2075 648 2155 malis,
669 2071 806 2139 strenuis
832 2086 929 2162 atque
950 2072 1073 2163 ignavie
1100 2072 1345 2164 optabilis‘est.

265 2187 301 2258 ‚V
303 2205 394 2251 erum
408 2206 478 2249 eam
495 2181 641 2272 plerique
662 2194 749 2245 metu
772 2179 940 2260 deserunt,
962 2179 1149 2245 stultissimi
1171 2184 1348 2268 mortales,

266 2292 356 2384 quod
370 2287 592 2356 ineertamine
605 2304 616 2330 ¹
631 2286 765 2352 dubium
787 2299 853 2365 est,
876 2293 1031 2374 quorsum
1053 2283 1215 2372 adeidat,
1239 2292 1277 2357 id
1291 2316 1345 2383 per

266 2398 415 2464 inertiam
429 2398 463 2461 in
479 2421 529 2479 ee,
544 2395 636 2485 quasi
651 2394 747 2473 vieti,
769 2392 935 2483 recipiunt
958 2392 1061 2483 Igitur
1082 2392 1224 2464 duabus
1249 2399 1346 2465 rebus

267 2504 452 2571 confirmari
466 2525 558 2593 posse
574 2516 717 2567 senatum
732 2514 827 2591 puto:
844 2501 871 2566 si
891 2523 1024 2566 numero
1045 2509 1197 2568 unctus⁸
1219 2528 1285 2596 per
1304 2522 1345 2572 ta·

268 2614 386 2678 bellam
402 2609 588 2676 sententiam
604 2608 690 2673 seret.

315 2719 409 2783 XIV.
436 2717 565 2780 Tabella
581 2716 723 2780 obtentui
739 2715 814 2796 erit,
836 2739 901 2804 quo
924 2713 1024 2803 magis
1045 2713 1158 2781 enimo
1174 2717 1289 2786 libero
1304 2719 1346 2785 sa·

268 2846 340 2888 eere
355 2824 487 2888 audeat:
508 2824 542 2886 in
564 2820 765 2889 multitudine
785 2837 816 2886 et
838 2822 987 2911 praesidii
1006 2822 1080 2912 plus
1108 2836 1142 2886 et
1167 2849 1258 2892 usus
1283 2851 1345 2892 am-

266 2929 352 3020 plior
367 2944 421 2994 est.
438 2929 520 2991 Nam
534 2928 609 3007 sere,
625 2928 674 2991 his
690 2930 944 3016 tempestatibus,
959 2928 1013 2992 alii
1029 2929 1161 3013 judiciis
1178 2935 1347 3020 puhlicis,

266 3039 324 3103 alii
339 3036 470 3126 privatis
492 3033 559 3098 suis
581 3048 676 3122 atque
698 3036 873 3098 amicorum
899 3037 1034 3126 negotiis
1056 3036 1235 3124 inplicati,
1261 3041 1348 3106 haud

267 3167 345 3208 sene
354 3143 563 3232 Reipublicae
578 3141 719 3209 consiliis
731 3142 916 3222 adfuerunt3
931 3166 1035 3233 neque
1049 3165 1102 3208 eos
1118 3147 1233 3235 magis
1252 3173 1347 3216 oecu-

289 3417 300 3453 1
323 3398 421 3455 Antea
433 3405 509 3456 enim
521 3402 662 3457 timebant
670 3410 778 3475 poten·
815 3400 920 3458 vilibus
938 3399 1021 3456 bellis
1042 3398 1123 3456 haud
1147 3402 1348 3464 mediocriter

268 3483 323 3539 les,
335 3486 364 3529 et
374 3497 405 3531 se
414 3483 518 3551 potius
528 3498 670 3552 suamque
687 3479 777 3531 Iiber-
816 3490 888 3532 esset
898 3478 1075 3541 imminutus,
1094 3477 1211 3534 Caesar
1232 3493 1281 3540 tot
1296 3504 1347 3559 pe-

253 3561 357 3625 ¹tatem
368 3553 555 3619 deserebant,
568 3558 777 3629 quamiisnon
815 3554 953 3627 regulum,
965 3552 1134 3628 praesertim
1155 3554 1271 3615 Gallos
1290 3559 1348 3616 sul·

264 3629 519 3698 gratificorentur‚
539 3650 700 3706 aquenum
718 3649 775 3704 po·
814 3629 888 3696 lecit,
907 3641 939 3684 ut
956 3629 1069 3685 libellus
1088 3629 1215 3704 publice
1240 3634 1349 3691 affixus

251 3706 359 3756 'tentia
371 3715 463 3761 metus
475 3707 669 3780 impendebat.
814 3705 908 3772 suerit,
924 3726 960 3760 ne
979 3706 1046 3762 novi
1067 3717 1242 3777 senatores,
1266 3710 1351 3766 urbis

287 3795 303 3830 2
325 3776 413 3834 idest:
428 3779 496 3835 dum
508 3782 581 3837 vinei
594 3793 734 3847 metuunt,
747 3781 781 3872 iq
814 3781 921 3853 ignari,
935 3783 1043 3837 curiam
1054 3781 1187 3838 invenire
1208 3800 1347 3859 possent.

267 3868 297 3937 se
316 3853 428 3925 jugum
445 3867 582 3930 tanquam
601 3857 685 3925 victi,
705 3858 776 3912 reci-
815 3860 930 3911 Bonum
938 3860 1073 3931 sactum:
1088 3857 1136 3911 Ne
1156 3865 1232 3933 quis
1254 3882 1348 3919 sena·

265 3939 358 3999 prunt.
814 3937 875 3987 tori
886 3953 963 3987 novo
973 3937 1085 3988 curiam
1098 3945 1286 3994 monstrare
1300 3959 1349 3994 ve·

279 3999 301 4058 3
322 4002 398 4060 Cum
411 4017 576 4064 senatorum
587 4026 723 4067 uumerus
736 4009 774 4065 ci·
814 4008 988 4068 lit-Plio.
1002 4006 1099 4064 iulul.
1113 4007 1203 4067 Caes.
1219 4033 1291 4093 cap.
1306 4021 1348 4074 80.
