2888 4748
243 346 305 410 rso
532 316 568 408 e.
593 342 741 409 csrsrr
765 342 1008 412 saususrn

237 494 334 583 legit:
369 492 503 557 Catulus
534 494 568 556 in
594 494 707 558 urbem
739 516 907 573 reversus,
937 493 1162 582 plaudentibus
1193 493 1301 563 militi-

239 603 300 665 bus
323 601 525 689 populoque,
555 601 611 690 qui
641 601 672 664 ei
700 625 815 687 nrogna
844 625 915 664 soce
938 601 1135 664 veliementer
1157 603 1299 686 gratula-

241 707 360 772 bantur
375 713 410 771 ¹.-

286 813 401 903 Lepidi
432 813 515 877 fama
546 827 618 902 post
642 829 803 903 acceptam
832 813 873 878 ad
901 827 1031 903 pontem
1059 813 1208 879 Milvium
1238 815 1302 880 ela-

214 984 217 993 ,
239 921 313 986 dem
336 920 427 988 valde
450 942 517 1009 perr
538 921 662 984 ltaliam
686 920 861 985 imminuta.
887 920 1037 985 Attamen
1066 943 1130 984 non
1154 920 1218 1012 leri
1240 909 1302 986 teia

239 1051 313 1092 rore
341 1027 489 1116 perculsa
519 1026 624 1091 adhue
656 1042 723 1093 erat
752 1029 880 1108 Roma,
913 1048 987 1092 eum
1016 1026 1137 1092 videret
1166 1027 1302 1092 salutem

169 1130 174 1141 ¹
238 1156 441 1200 communem
463 1132 608 1199 fortunae
631 1134 727 1199 unius
748 1155 882 1223 pugnae.
897 1133 1097 1198 commissam
1120 1133 1238 1214 fuisse,
1262 1157 1300 1199 ac

239 1239 418 1330 Lepidum,
438 1240 504 1305 suis
528 1263 566 1304 ex
588 1239 663 1330 fuga
686 1241 845 1318 collectis,
867 1263 995 1304 rursum
1018 1262 1178 1304 armorum
1200 1239 1298 1305 fortu-

239 1369 314 1412 nam
337 1361 549 1436 experturum.
574 1347 634 1412 llis
661 1346 828 1411 timoribus
851 1347 1096 1434 rumoribusque
1119 1332 1298 1436 percrebre-

238 1453 400 1520 scentibus
431 1452 558 1518 babitus
591 1468 726 1518 senatus.
758 1454 900 1516 Interrex
930 1452 1057 1541 Appius
1087 1452 1206 1518 litteras
1235 1453 1297 1518 sibi

236 1560 279 1626 ab
299 1559 427 1624 Etruria
451 1560 560 1624 allatas
583 1559 742 1638 recitarit,
765 1559 881 1646 quibus
904 1559 1116 1623 nunciabatur
1138 1558 1298 1649 Lepidum

236 1665 342 1731 denuo
370 1667 505 1730 Romam
531 1688 642 1732 versus
664 1665 723 1729 iter
746 1663 924 1753 ingressum
947 1688 1021 1730 eum
1049 1668 1169 1749 majore
1199 1690 1297 1756 quam

236 1787 329 1838 antea
344 1774 509 1862 copiarum
522 1772 573 1851 vi,
588 1795 607 1835 a
630 1772 828 1837 concilianda
846 1786 951 1836 tamen
973 1795 1052 1861 paee
1076 1772 1214 1837 alienum
1230 1797 1296 1838 non

236 1880 346 1948 rideri.
372 1880 410 1944 ld
433 1879 596 1943 audientes
611 1876 755 1967 plerique
779 1892 939 1942 senatores
959 1879 992 1941 in
1008 1901 1045 1942 ea
1060 1879 1213 1943 sententia
1228 1880 1295 1945 fue-

233 2001 325 2066 rant,
340 2001 376 2051 ut
391 1985 514 2074 aliquid
527 1984 634 2073 potius
650 1984 774 2073 Lepido
788 1984 1033 2064 concederetur,
1056 2008 1152 2074 quam
1173 1987 1295 2075 patriae

234 2094 321 2159 salus
344 2094 377 2156 in
393 2092 561 2157 discrimen
578 2090 807 2170 adduceretur;
827 2114 913 2155 arma
932 2091 1059 2156 iuterim
1074 2092 1223 2180 utrinque
1238 2089 1295 2183 po·

233 2214 401 2264 nerentur:
422 2197 575 2288 Lepidus,
590 2196 653 2261 fide
668 2197 809 2287 publica,
825 2187 960 2262 Romam
975 2186 1117 2267 veniret:
1132 2222 1205 2264 eum
1220 2223 1295 2265 eon·

232 2321 418 2371 secuturum
434 2329 515 2395 quae
531 2305 654 2370 senatui
669 2305 854 2394 populoque
869 2300 954 2388 justa
975 2288 1174 2371 viderentur?
1190 2306 1294 2396 Sibyl·-

233 2413 308 2478 linis
336 2412 613 2479 vaticinationibus
636 2412 784 2501 portendi
807 2399 1038 2477 incrementum
1061 2411 1216 2478 Aemiliae
1238 2413 1293 2478 do·

232 2543 324 2600 mus,
347 2543 405 2585 sua
428 2521 461 2583 iu
485 2519 640 2609 populum
656 2518 837 2590 Romanum
859 2518 977 2609 pietate
992 2520 1134 2586 illustris.
1154 2504 1293 2617 Jamque

115 2638 120 2649 '
186 2704 189 2711 Ι
230 2628 340 2716 plures
364 2627 398 2689 in
421 2649 491 2715 eam
521 2625 708 2691 senteutiam
731 2626 836 2705 ibant,
866 2642 903 2692 ut
926 2626 981 2690 alii
1005 2626 1045 2691 ad
1068 2627 1226 2716 Lepidum
1248 2626 1292 2692 le·

179 2714 187 2735 ⁴
230 2732 296 2821 gati
326 2732 547 2813 mitterentur,
581 2756 682 2821 quum
714 2731 912 2822 Philippus,
942 2733 1115 2798 acerrimus
1147 2733 1291 2799 Sullana-

229 2859 302 2902 rum
317 2838 456 2926 partium
479 2854 719 2928 propugnator,
742 2842 799 2924 qui
827 2855 932 2904 aetate
956 2856 987 2904 et
1011 2841 1143 2904 consilio
1170 2830 1290 2904 eeteros

226 2945 373 3008 anteibat
386 2945 411 3024 ⁸,
427 2944 605 3011 vehementi
628 2946 771 3010 oratione
795 2947 902 3010 omnia
919 2946 1040 3036 ¹Lepidi
1064 2947 1181 3012 scelera
1197 2938 1290 3012 ¹com·

229 3052 433 3131 memoravit,
457 3065 638 3117 senatorum
661 3052 793 3141 ignavos
818 3053 940 3116 animos
964 3054 1143 3134 concussit,
1166 3048 1290 3136 inflam-

227 3161 326 3224 mavit
341 3164 359 3222 ⁸.
386 3161 491 3243 Quare
506 3174 634 3224 senatus
654 3157 795 3224 decrevit
817 3173 853 3223 ut
874 3158 1010 3222 maxima
1032 3164 1170 3249 potestas
1192 3162 1290 3250 magi·

228 3266 378 3330 stratibus
409 3267 657 3356 permitteretur,
698 3266 831 3330 Catulus
861 3287 936 3329 eum
974 3256 1111 3331 exercitu
1140 3261 1290 3335 adsersus

154 3424 156 3429 .
226 3371 402 3461 Lepidum,
419 3373 591 3461 Pompejus
616 3372 766 3439 adversus
786 3373 922 3436 Brutum
945 3360 1229 3461 proficiscerentur.
1252 3374 1290 3438 Si

227 3501 302 3545 vero
327 3479 469 3567 Lepidus
492 3478 533 3542 ad
557 3478 668 3542 urbem
691 3476 840 3568 progredi
862 3495 1088 3567 perseveraret,
1103 3481 1287 3568 magistratu

226 3585 380 3674 spoliatus
396 3584 497 3649 hostis
513 3583 698 3647 haberetur:
723 3584 860 3648 interrex
882 3585 1010 3648 comitia
1031 3600 1157 3673 cogeret
1176 3575 1288 3668 eonsu-

223 3689 307 3755 libus
323 3691 475 3757 creandis.
492 3690 587 3762 Brevi
604 3690 743 3759 Catulus
760 3689 884 3779 Lepido
908 3692 1057 3773 occurrit,
1073 3707 1104 3757 et
1118 3688 1286 3787 commisso

247 3964 258 4001 1
281 3945 363 4021 Frag.
386 3950 428 4001 81.
794 3943 812 4001 3
833 3943 934 4002 Oratio
952 3945 984 4001 L.
997 3943 1123 4019 Philippi
1134 3943 1164 3999 in
1177 3944 1284 4008 Senatu

244 4036 263 4076 a
300 4021 341 4078 ld.
381 4019 426 4079 52.
561 4054 563 4061 ·
774 4033 874 4079 contra
892 4018 1050 4097 Lepidum,
1069 4039 1134 4098 pag.
1156 4037 1218 4081 201.
