2888 4748
257 334 323 416 sid
551 335 588 398 G.
615 329 764 398 CRISPI
790 327 1032 400 SALLUSTII

252 488 324 562 nit,·
344 498 377 547 et
400 482 500 546 omnis
530 480 663 544 honores
684 505 747 544 non
768 505 812 542 ex
836 483 968 559 merito,
994 480 1051 544 sed
1079 481 1174 567 quasi
1199 482 1325 549 debitos
1355 527 1367 549 ι

251 618 274 655 a
293 591 377 654 vobis
400 591 522 675 repetit.
551 594 697 653 Ceterum
721 587 863 651 homines
884 587 1113 673 superbissumi
1133 593 1248 675 procul
1271 618 1320 656 er·

251 714 334 761 rant.
352 701 491 780 Maiores
506 720 614 759 eorum
638 697 762 773 omnio,
786 719 869 781 quoe
893 694 1027 773 licebat,
1049 695 1116 758 illis
1136 698 1321 784 reliquere3

248 805 375 868 diritius
383 853 393 882 ,
407 806 577 888 imagines,
592 804 775 865 memoriam
790 803 842 864 sui
854 802 1075 886 praeclaram:
1091 804 1235 867 virtutem
1252 831 1319 868 non

249 914 430 998 reliquere3
445 935 548 996 neque
570 923 739 996 poterant:
754 933 794 973 ea
808 909 878 972 sola
902 933 1003 994 neque
1026 909 1121 972 datur
1136 911 1218 975 dono
1231 961 1241 990 ,
1261 938 1317 977 ne·

251 1045 313 1106 oue
326 1020 497 1103 accipitur.

295 1127 368 1191 XC.
396 1125 565 1188 Sordidum
581 1125 647 1203 me,
666 1141 699 1189 et
718 1126 848 1188 incultis
867 1124 1007 1189 moribus
1030 1129 1144 1210 ajunt;
1167 1129 1244 1213 quio
1259 1153 1320 1212 pa·

249 1259 320 1297 rum
336 1235 412 1296 scite
433 1235 606 1296 convivium
626 1257 766 1310 exorno‚·
782 1257 884 1318 neque
902 1235 1087 1297 histrionem
1095 1232 1112 1270 '¹
1129 1235 1245 1313 ullum,
1266 1260 1319 1297 ne-

248 1366 310 1429 que
324 1341 427 1427 pluris
442 1343 539 1426 pretii
553 1364 708 1424 coquum,
724 1364 820 1426 quam
837 1340 991 1420 villicum,
1007 1340 1117 1404 habeo.
1137 1343 1224 1421 Quae
1242 1341 1321 1405 mihi

249 1449 339 1515 iubet
354 1449 510 1532 ¹confiteri,
527 1449 674 1527 Quirites.
692 1452 772 1511 Nom
789 1464 821 1510 et
836 1472 880 1510 en
893 1464 1026 1532 parente
1049 1473 1117 1511 meo
1140 1465 1172 1511 et
1186 1474 1229 1511 eor
1245 1449 1320 1511 aliis

499 1571 531 1617 ta
544 1557 666 1638 accepi,
682 1555 855 1617 munditias
872 1554 1072 1633 mulieribus,
1087 1557 1160 1617 viris
1176 1555 1319 1618 laborem

248 1666 432 1740 convenire,
448 1662 655 1746 omnibusque
679 1661 768 1724 bonis
793 1678 935 1746 oportere
958 1661 1034 1746 plus
1055 1662 1200 1746 gloriae,
1221 1686 1319 1747 quarn

247 1769 429 1835 divitiarum
444 1794 531 1832 esse:
547 1793 656 1847 arma,
671 1793 734 1832 non
759 1762 991 1854 supellectilem
1015 1768 1123 1831 decori
1138 1792 1215 1832 esse.
1235 1773 1320 1850 Quin

248 1902 320 1964 ergo
336 1878 421 1963 quod
430 1880 539 1960 jurat,
554 1875 640 1961 quod
654 1900 763 1939 earum
780 1892 973 1954 aestumant,
991 1876 1025 1938 id
1039 1900 1162 1962 semper
1166 1878 1320 1960 saciant:

247 2000 375 2063 ament,
387 1999 514 2069 potent:
531 1982 586 2045 ubi
606 1983 856 2045 adulescentiam
878 1982 1038 2061 habuere,
1059 1982 1105 2045 itt
1125 1999 1319 2047 senectutem
1398 1964 1402 1971 .

250 2108 367 2178 agant,
391 2093 425 2153 in
450 2092 616 2166 conviviis,
636 2089 737 2152 dediti
757 2092 857 2153 ventri
877 2106 909 2152 et
931 2092 1130 2175 turpissimae
1149 2092 1237 2176 porti
1255 2114 1321 2152 eor·-

246 2201 354 2287 poris:
377 2198 522 2259 sudorem
532 2246 541 2275 ,
562 2196 743 2280 pulverem,
758 2212 790 2258 et
813 2196 880 2258 alia
903 2198 982 2259 talia
998 2198 1184 2282 relinquant
1208 2198 1320 2274 nobis,

247 2305 363 2392 quibus
379 2304 438 2366 illo
454 2304 557 2388 epulis
568 2303 762 2387 jucundiora
778 2317 861 2364 sunt.
876 2306 989 2365 Verum
1005 2329 1069 2366 non
1085 2320 1132 2367 est
1148 2306 1203 2366 ita.
1219 2309 1316 2381 Nam,

250 2413 307 2477 ubi
321 2438 354 2475 se
372 2411 516 2475 omnibus
526 2411 663 2495 flagitiis
680 2409 905 2474 dedecoravere
922 2413 1107 2495 turpissumi
1127 2412 1184 2473 riri
1193 2461 1203 2489 ,
1223 2410 1319 2473 bono·

249 2546 320 2584 rum
346 2521 490 2605 praemia
517 2532 659 2602 ereptum
683 2533 768 2580 eunt.
797 2522 848 2580 lta
880 2520 1094 2601 iniustissume
1122 2518 1254 2580 luxuria
1286 2535 1318 2581 et

248 2630 392 2714 ignavia,
414 2649 581 2711 pessumae
605 2640 708 2702 artes,
736 2624 823 2703 illis,
844 2628 900 2711 qui
922 2626 1047 2690 coluere
1071 2649 1145 2702 eas,
1168 2626 1251 2688 nihil
1273 2626 1318 2709 of-

238 2736 380 2820 ficiunt,-
400 2732 606 2818 Reipublicae
631 2734 783 2796 innoaioe
807 2733 895 2795 eladi
916 2749 998 2794 sunt.
1024 2737 1116 2796 Nunc
1129 2782 1139 2810 ,
1165 2735 1318 2819 quoniam

217 2906 224 2919 ,
250 2842 317 2905 illis
337 2857 492 2926 quantum
516 2843 579 2903 mei
601 2865 719 2917 mores,
742 2865 806 2902 non
830 2840 959 2902 illorum
971 2841 1102 2925 flagitia
1123 2837 1319 2923 poscebant,
1367 2918 1370 2923 Ι

251 2949 401 3034 respondi
411 2977 421 3026 ‚·
439 2972 545 3034 pauca
562 2948 600 3010 de
618 2947 795 3032 Republica
811 2947 933 3032 loquar.
951 2949 1092 3009 Primum
1115 2946 1254 3007 omnium
1279 2946 1319 3010 de

250 3055 401 3121 Numidia
417 3056 533 3118 bonum
550 3055 694 3118 habetote
711 3056 871 3130 animum,
890 3054 1048 3132 Quirites:
1071 3075 1146 3112 nam
1170 3075 1252 3136 quae
1276 3053 1320 3115 ad

249 3163 307 3225 hoe
323 3179 445 3247 tempus
461 3163 650 3247 tagus-tham
666 3176 770 3223 tutata
784 3174 859 3221 sunt
868 3207 878 3236 ,
901 3160 1009 3221 omnia
1029 3159 1226 3237 removistis,
1246 3183 1320 3221 ava·

250 3272 357 3332 ritiam
373 3273 400 3346 ³,
416 3271 612 3355 inperitiam,
628 3267 817 3354 superbiam.
834 3265 956 3328 Deinde
972 3267 1133 3329 exereitus
1150 3265 1196 3328 ibi
1211 3282 1257 3328 est
1273 3267 1319 3328 lo-

250 3400 358 3439 corum
374 3379 495 3454 sciens,
511 3377 567 3440 sed
588 3375 766 3457 meheronIe
787 3376 885 3459 magis
905 3389 1074 3452 strenuus,
1095 3398 1189 3459 quam
1204 3373 1320 3455 felia:

251 3507 327 3547 nam
343 3508 457 3569 magna
471 3508 545 3568 pars
562 3487 631 3568 ejus
647 3485 780 3545 avaritia
800 3497 857 3545 aut
873 3483 1048 3545 temeritate
1068 3481 1183 3544 dueum
1199 3480 1321 3543 adtrita

250 3607 307 3654 est.
327 3591 535 3672 Quamobrem
553 3613 620 3666 vos,
637 3589 750 3674 quibus
770 3589 919 3652 militaris
939 3605 986 3652 est
1006 3605 1094 3652 aetas
1105 3637 1115 3664 ,
1135 3587 1321 3648 adnitimini

273 3821 284 3854 1
308 3800 366 3869 Qui
382 3798 527 3874 personati
538 3799 568 3855 in
581 3799 670 3855 scenis
682 3797 764 3855 fabu-
823 3817 838 3854 2
860 3799 1003 3866 SanctuS,
1025 3796 1076 3872 qui
1104 3793 1183 3868 quod
1208 3792 1320 3868 legibus

252 3876 294 3930 las
314 3875 450 3949 agebunt:
472 3874 519 3931 hic
534 3895 588 3951 pro
601 3873 764 3949 joculatori·
804 3877 943 3932 sancitum
964 3885 1024 3940 est,
1045 3883 1146 3926 servat.

253 3951 318 4016 bus,
337 3952 385 4024 qui
403 3949 474 4024 jocis
496 3964 523 4006 et
543 3950 674 4019 cantibus
693 3950 769 4006 dele·
827 3950 1011 4007 3Avaritiam
1024 3945 1321 4023 Bestiae,imperitiam

254 4038 330 4083 eleut
342 4026 484 4084 convivas.
663 4032 666 4045 '
808 4025 884 4095 Auli,
897 4023 1062 4101 superbiam
1073 4021 1187 4081 Metelli.
