2888 4748
189 322 244 373 ιιι

191 442 332 536 totque
359 418 473 513 aliis,
506 421 648 526 quiin
678 438 726 494 eo
760 417 923 496 aderant
952 436 1177 516 conventu,
1210 422 1281 507 vi«

178 577 252 662 -vis
286 569 416 652 adhuc
450 582 491 647 ct
523 564 776 655 florentibus,
810 565 1010 646 mendacii
1041 585 1144 649 esset
1175 573 1272 665 insi·

188 721 385 814 mutatus,
412 720 447 797 si
477 740 615 794 eorum
635 739 835 794 sermones
856 711 908 791 ad
932 713 1156 796 lubidinem
1175 745 1266 799 oon·

189 873 348 958 fixisset

229 1015 419 1101 wCaesaris
440 1017 562 1094 oratio
592 1036 604 1077 ¹
628 1013 782 1094 artificii
804 1030 845 1095 et
865 1015 1115 1124 eloquentiae
1136 1047 1265 1122 exem·

187 1169 277 1279 plar
307 1179 367 1246 est
395 1158 770 1271 splendidissimum.
797 1163 844 1238 In
875 1191 920 1240 ea
951 1165 1059 1241 enirn
1088 1192 1266 1269 sagacem

185 1317 319 1400 virum
340 1328 380 1391 et
398 1310 501 1390 bene
522 1325 685 1389 cautum
705 1312 895 1414 agnoscis,
910 1314 981 1419 qui
999 1312 1192 1393 Catilinae
1210 1316 1265 1394 fa·

183 1466 319 1545 cinere
339 1462 479 1539 intime
498 1458 681 1550 laetatus,
695 1461 795 1564 quin
812 1463 990 1539 animum
1008 1490 1125 1540 suurn
1144 1463 1264 1551 alicui

185 1612 360 1720 aperiat,
385 1608 497 1716 cupit
523 1623 660 1685 omnes
687 1632 881 1687 novarum
909 1635 1042 1685 rerum
1070 1612 1264 1692 studiosos

182 1758 242 1838 ad
265 1784 354 1837 suas
383 1770 513 1863 partes
542 1751 797 1858 pertrahere,
818 1769 859 1831 et
888 1753 962 1832 sul>
991 1761 1121 1864 specie
1153 1759 1263 1841 illius

179 1907 484 1987 mansuetudinis
504 1919 542 1979 et
560 1904 870 1994 misericordiae,
890 1932 972 2020 qam¹
988 1911 1264 2015 clarussaotus

175 2057 341 2154 ,[ιιεναι,
368 2052 546 2157 legibus,
581 2051 868 2132 consuetudine
894 2055 1019 2160 patria
1053 2071 1095 2134 et
1120 2061 1263 2138 exteris

187 2205 309 2282 etiam
330 2198 521 2307 exemplis
541 2197 664 2277 fretus
681 2251 692 2289 ,
712 2215 844 2278 sontes
875 2229 896 2278 e
923 2205 1060 2281 mortis
1083 2206 1264 2310 periculo

85 2426 89 2433 .
175 2351 320 2432 ‚studet
340 2352 505 2458 eripere,
526 2364 572 2427 ut
592 2375 658 2425 eos
679 2347 755 2426 sibi
775 2352 920 2433 amicos
939 2351 1091 2447 reddat,
1106 2355 1264 2434 etfama

185 2501 396 2607 evulgatur
413 2505 457 2578 ¹se
476 2501 628 2576 miseris
649 2527 733 2577 esse
753 2501 986 2606 perfugium.

236 2653 286 2728 In
308 2649 468 2728 Catonis
486 2676 581 2727 vero
601 2675 781 2726 sermone
803 2670 819 2708 2
838 2679 938 2756 quae
960 2654 1076 2731 insita
1097 2651 1158 2732 illi
1179 2671 1262 2737 erat

184 2800 393 2893 severitas,
424 2795 560 2891 odium
589 2800 647 2916 inq
663 2801 854 2892 crimina,
883 2803 1071 2906 gravitas,
1093 2803 1261 2910 dignitas

185 2946 359 3027 elucent
400 2946 555 3039 Tetrico
593 2946 711 3026 vultu
742 2964 782 3025 et
811 2976 945 3054 aspero
982 2966 1188 3059 quemque
1209 2954 1262 3034 ad

61 3141 64 3148 ·
183 3091 288 3175 bene
315 3094 559 3202 honesteque
580 3094 803 3179 vivendum
831 3095 1036 3192 hortatur,
1056 3100 1259 3207 aliosque,

182 3257 230 3324 et
252 3244 457 3331 Caesarem
477 3247 687 3352 praecipue
710 3248 850 3323 acriter
868 3248 1059 3353 increpat,
1080 3251 1140 3325 uti
1159 3238 1258 3326 Stoi-

186 3418 282 3472 cum
302 3389 442 3484 decet,
461 3394 636 3472 moribus
655 3397 877 3498 integrum,
897 3397 978 3476 vita
998 3397 1258 3501 inculpatum.

115 3570 118 3573 ·
179 3539 269 3626 Hae
297 3531 398 3618 duae
426 3545 634 3621 conciones
659 3545 784 3622 fusius
811 3543 1033 3651 explicant,
1068 3544 1176 3648 quod
1209 3543 1259 3622 de

191 3687 354 3768 Caesare
377 3703 418 3767 et
439 3684 587 3769 Catone
609 3692 818 3771 Sallustius
847 3697 1042 3773 innuerat.
1061 3691 1172 3769 Idem
1192 3691 1257 3769 ad·

178 3832 334 3915 ,firmari
353 3854 484 3947 potest
503 3839 553 3921 de
569 3843 827 3924 'concionibus
848 3846 1037 3934 caeteris,
1067 3871 1116 3921 ex
1137 3843 1258 3944 Quin·

211 4015 224 4054 ι
246 3998 313 4080 Peg.
333 4000 424 4079 53,1.
467 4027 492 4068 r.
764 4023 781 4065 a
801 4005 868 4086 Peg.
888 4002 980 4086 57,t
1003 4023 1045 4064 so.
