2888 4748
254 341 316 404 190
530 312 1024 383 1.-111111111111111
1059 279 1100 328 ²·

249 463 323 530 dere
338 462 484 528 instituit.
496 463 665 552 Tigranes,
676 464 859 529 Mithridate
875 464 1031 554 ablegato,
1054 483 1094 527 ne
1109 461 1229 552 gloriae
1242 482 1330 531 snae

232 570 408 660 ‹particeps
423 570 521 651 foret,
537 571 761 636 innumerabili
786 595 860 636 cum
882 571 1020 635 exercitu
1042 594 1088 635 errv
1102 570 1327 639 dissimilibus
1346 653 1350 665 Ι

188 680 200 689 ”
248 677 397 766 gentibus
413 677 569 757 conflato,
585 701 622 742 eo
639 677 812 743 contendit
829 679 936 742 Tauro
957 691 1126 767 snperato,
1146 677 1319 744 adrentum

249 799 314 850 tem
330 782 487 851 Lucullus
502 784 669 873 prospicit:
687 785 841 849 Murenae
857 808 931 849 cum
946 807 1000 850 sex
1014 784 1156 850 millibus
1171 785 1321 875 peditum·
1382 854 1401 879 ,Ι

251 892 373 970 relicto,
388 891 621 980 oppugnandae
636 890 725 956 urhis
742 892 905 980 negotium
920 891 993 956 dat:
1009 891 1078 981 ipse
1094 915 1168 982 cum
1184 891 1320 981 legioni-

250 998 311 1064 bus
334 997 458 1063 duahus
481 999 656 1086 paucisque
681 998 855 1064 auxiliariis
881 999 1013 1087 Tigrani
1037 998 1196 1078 occurrit,
1219 1003 1317 1086 atque

254 1118 386 1193 angusto
409 1105 499 1184 loco,
522 1128 637 1193 magno
660 1105 782 1194 impetu
805 1105 840 1170 in
863 1105 970 1170 hostes
987 1104 1089 1169 irruit.
1106 1105 1174 1185 Illi,
1193 1104 1318 1193 maguis

252 1211 443 1278 clamoribus
473 1211 583 1290 editis,
610 1226 683 1276 autc
712 1211 747 1276 in
776 1212 885 1301 fugam
909 1212 1101 1300 sc‘tu‘rpi'ter
1122 1211 1316 1294 conjiciunt,

253 1341 349 1408 quam
372 1341 484 1383 manns
506 1328 767 1398 consererentur,
781 1335 953 1404 ruuntque,
966 1342 1042 1404 pars
1057 1341 1172 1403 magno
1186 1319 1319 1384 suismet

253 1442 311 1490 aut
345 1428 563 1511 proximorum
595 1425 687 1505 telis,
724 1428 822 1490 ceteri
859 1428 924 1490 rice
943 1430 1110 1510 'pecorum
1132 1425 1319 1490 'obtrunca-

255 1533 403 1598 mw
560 1540 563 1547 '
1015 1537 1017 1542 '
1184 1533 1246 1552 ’“

300 1639 369 1703 liae
384 1653 448 1706 tam
463 1637 584 1728 ingenti
600 1663 636 1704 ac
651 1637 815 1728 inopinata
830 1639 919 1704 clade
935 1642 1077 1729 accepta,
1088 1637 1240 1728 Tigranes
1250 1661 1328 1703 ma2‘

253 1743 294 1812 111
309 1744 449 1811 defessus
464 1746 630 1812 hominum
645 1761 852 1835 conspectum
867 1745 1004 1834 fugiens,
1014 1747 1110 1810 simul
1124 1769 1222 1834 regno
1238 1745 1315 1810 sibi-

196 1872 199 1875 ’
256 1861 317 1940 que
333 1851 521 1941 desperans,
541 1852 632 1916 malis
656 1852 721 1916 suis
746 1851 1004 1916 illacrimabatur'.
1029 1852 1094 1916 Sed
1108 1851 1322 1917 'Mithridates

255 1957 400 2025 louunae
409 1959 642 2024 vicissitudines
649 1959 716 2047 pati
727 1974 848 2039 suctus,
858 1982 931 2024 cum
940 1962 1014 2024 euru
1024 1958 1164 2039 adiisset,
1173 1946 1319 2023 hortatus

256 2077 315 2145 est,
330 2080 422 2130 utne
438 2065 580 2130 animum
595 2064 824 2153 desponderet,
839 2089 938 2132 noras
952 2066 1036 2131 vires
1052 2065 1268 2145 contraheret,
1283 2065 1318 2127 in
1419 2089 1421 2093 ·

254 2171 569 2261 posterumqucbene
585 2186 732 2260 speraret.
744 2172 832 2235 Inter
846 2195 935 2260 reges
951 2172 1111 2252 convenit,
1120 2170 1319 2236 ut‘Arsacem

255 2277 447 2343 Parthorum
468 2301 592 2367 regern,
614 2262 761 2342 omnium*
779 2292 845 2343 tota
868 2278 948 2342 Asia
969 2278 1239 2366 potentissimum,
1255 2277 1321 2343 sibi·

255 2383 381 2450 foedere
395 2385 598 2452 devincireut.
617 2386 818 2474 Quapropter
840 2385 946 2449 missis
969 2384 1011 2448 ad
1034 2407 1108 2450 eum
1122 2385 1245 2475 legatis,
1261 2383 1320 2448 do·

256 2506 455 2581 centquanto
463 2493 539 2556 belli
547 2492 695 2558 incendio
704 2493 826 2557 Pontus
836 2507 868 2557 ct
877 2491 1029 2557 Armenia
1038 2491 1183 2580 flagrent,
1193 2492 1319 2580 sibique

256 2614 293 2664 ut
308 2613 416 2666 caveat
431 2613 580 2677 monent3
594 2624 668 2662 narn
683 2600 713 2661 si
728 2623 806 2684 quae
823 2600 916 2664 aedes
937 2601 1018 2686 iguis
1038 2601 1139 2685 cepit,
1161 2599 1249 2662 haud
1260 2599 1319 2682 sa-

256 2706 318 2770 cile
333 2721 407 2769 sunt
421 2705 573 2791 defensa,
586 2709 664 2792 quin
680 2722 712 2770 ct
726 2707 952 2770 comburantur
964 2710 1143 2792 proxumae
1156 2715 1179 2769 ¹.
1199 2705 1319 2779 Crebra

257 2811 383 2876 fuerant
397 2811 436 2876 de
451 2812 540 2900 regni
555 2812 673 2877 finibus
689 2812 803 2878 Arsaci
818 2836 892 2879 cum
903 2813 1041 2902 Tigrane
1055 2812 1150 2894 bella,
1165 2812 1317 2878 necdum

256 2917 385 3007 penitus
401 2919 576 2983 simultates
591 2919 849 3007 conquieverant.
872 2920 970 2984 Modo
985 2934 1022 2984 ut
1036 2943 1112 2984 eum
1130 2919 1192 2984 sihi
1208 2917 1317 2983 amici-

257 3025 301 3089 tia
310 3028 528 3116 coniungeret,
539 3027 691 3115 Tigranes
701 3027 964 3116 Mesopotamiam
972 3027 1021 3090 illi
1036 3027 1120 3094 ultro
1136 3027 1322 3097 universam·

257 3155 291 3198 se
306 3132 487 3197 dediturum
502 3133 682 3224 pollicetur,
698 3133 725 3198 si
740 3134 895 3199 auxilium
910 3133 971 3198 11111
987 3132 1139 3200 adversus
1154 3134 1319 3198 Romanos

257 3236 360 3303 ferret
379 3239 436 3303 His
451 3241 546 3304 rebus
561 3241 712 3329 cognitis,
727 3240 884 3306 Lucullus
900 3239 1053 3305 Arsacem
1069 3256 1117 3306 est
1132 3241 1316 3305 adhortatur

258 3367 299 3408 ne
314 3346 407 3411 vellet
421 3347 533 3436 populi
549 3348 686 3412 Romani
700 3347 901 3413 inimicitiam
915 3347 949 3410 iu
965 3370 998 3411 se
1013 3348 1190 3428 concitare,
1207 3371 1244 3412 ac
1259 3345 1322 3409 sso-

257 3453 361 3516 rcntes
382 3475 432 3518 res
455 3478 527 3518 suas
560 3477 632 3518 cum
656 3454 849 3519 Mithridatis
879 3455 1089 3543 Tigranisque
1110 3454 1241 3543 perditis
1264 3452 1318 3516 ad-

254 3559 397 3629 miscere.
423 3560 509 3644 Quid
540 3561 665 3625 consilii
692 3576 832 3651 caperet,
863 3560 962 3624 animi
989 3560 1147 3650 pendebat
1170 3557 1316 3622 Arsaces.

257 3666 328 3733 Hoc
343 3669 450 3732 re'rum
465 3682 548 3734 statu
569 3666 697 3743 adeum
713 3667 913 3734 Mithridates
936 3667 1102 3757 epistolam
1124 3664 1235 3728 mistis
1252 3689 1316 3752 qua

279 3885 394 3998 rFrag.
415 3921 478 3994 460.
533 3883 536 3888 Ι
596 3989 600 3996 ,
650 3989 653 3996 Ι
767 3988 770 3996 Ι
822 3926 912 4003 '5Ep
934 3924 1008 4000 regis
1024 3919 1194 3978 Mithridatis
1212 3922 1316 3997 scripta

276 4015 294 4053 a
328 3997 374 4053 ld.
413 3997 475 4076 367.
574 4005 590 4037 ‘'-
805 4003 841 4058 ad
860 4021 955 4078 rogem
973 3999 1127 4067 Arsacem,
1147 3996 1211 4077 pig:
1234 3995 1296 4055 215.

75 4179 235 4468 *s
