2888 4748
240 320 308 384 no
420 311 646 381 rnrsrom
680 285 816 381 nasis
841 282 1165 380 urrnmmrrs'

243 479 317 547 tur,
341 461 514 529 amicitiam
539 464 744 545 simulantes,
767 463 797 528 ei
824 463 1061 532 subvenientem
1094 461 1328 532 Antiochum¹

242 573 450 640 concessione
466 571 564 637 Asiae
579 596 637 663 per
653 570 763 636 dolum
779 585 941 639 avertere:
966 595 1004 638 ac
1024 595 1098 637 mox
1121 597 1140 637 a
1162 572 1324 664 Philippo

241 679 444 760 Antiochus,
461 680 549 745 omni
565 681 611 746 cis
628 679 773 744 Taurum
788 702 864 770 agro
886 694 917 746 et
932 679 1043 745 decem
1058 679 1201 745 millibus
1217 680 1322 747 talen·

241 802 351 854 torum
368 787 524 879 spoliatus
540 802 596 853 est.

289 896 349 959 Ill.
376 896 496 962 Persen
511 894 626 960 deinde
641 898 651 921 ¹
668 894 814 987 Philippi
833 892 956 976 filium,
972 909 1045 985 post
1065 895 1165 960 multa
1182 908 1214 961 et
1227 895 1335 987 varia*

239 1002 428 1082 certamina,
444 1002 530 1092 apud
547 1002 772 1069 Samothracas
795 1004 872 1068 deos
894 1018 1064 1092 acceptum
1079 1004 1113 1066 in
1129 1001 1237 1084 fidem,
1253 1005 1322 1068 cal·

240 1111 301 1176 lidi
317 1125 348 1175 et
363 1125 541 1199 repertores
556 1109 727 1201 perfidiae,
750 1111 828 1200 quia
848 1124 944 1202 pacto
960 1110 1059 1178 vitam
1081 1109 1250 1191 dederant,
1266 1111 1321 1175 in·

240 1217 375 1282 somniis
407 1218 560 1282 occidere.
593 1218 771 1284 Eumenem
785 1230 817 1299 ³,
847 1221 942 1302 cujus
973 1217 1147 1282 amicitiam
1177 1216 1321 1306 gloriose

240 1338 421 1404 ostentant,
444 1324 537 1389 initio
555 1326 729 1414 prodidere
745 1324 911 1390 Antiocho
926 1325 1016 1416 pacis
1032 1324 1226 1402 mercedem3
1242 1339 1322 1414 post

239 1426 420 1510 'Attalum⁴,
435 1431 600 1497 custodem
616 1433 683 1521 agri
700 1432 998 1523 captivi,sumtibus
1014 1445 1045 1496 et
1061 1433 1262 1497 contumeliis
1279 1457 1322 1498 ex

157 1628 159 1632 ι
240 1562 316 1627 rege
331 1539 557 1603 miserrumum
573 1563 739 1607 servorum
755 1539 907 1605 effecere:
924 1540 1140 1629 simulatoque
1155 1541 1255 1630 impio
1270 1555 1322 1606 te-

239 1660 418 1727 stamento,
432 1643 537 1711 filium
552 1649 622 1731 ejus
640 1646 861 1712 Aristonicum
876 1662 907 1728 ⁵,
922 1648 1001 1737 quia
1018 1649 1161 1739 patrium
1180 1670 1321 1736 regnum

240 1754 415 1846 petiverat,
435 1752 578 1818 hostium
599 1777 688 1819 more
710 1779 768 1845 per
789 1755 991 1845 triumphum
1013 1755 1152 1820 duxere:
1175 1754 1254 1820 Asia
1276 1755 1323 1821 ab

240 1861 323 1951 ipsis
353 1862 482 1929 obsessa
512 1876 580 1928 est:
602 1877 766 1953 postremo
790 1877 891 1935 totam
913 1862 1122 1957 Bithyniam,
1143 1862 1324 1930 Nicomede

265 2143 276 2180 1
297 2106 374 2180 Cum
384 2124 460 2182 inter
469 2123 636 2201 Philippum
653 2138 681 2182 et
696 2126 757 2182 An·
796 2137 877 2186 ctum
897 2125 1050 2203 expirasse.

241 2200 386 2268 tiochum,
414 2201 536 2256 alterum
555 2199 758 2271 Macedoniae,
815 2201 996 2258 3Eumencs
1015 2220 1067 2257 rex
1086 2198 1235 2276 Pergami,
1254 2197 1322 2256 Ro-

241 2275 364 2332 alterum
375 2276 473 2353 Syriae
484 2296 591 2352 regern,
603 2276 703 2332 foedus
715 2295 759 2333 es·
798 2297 951 2334 manorum
963 2279 1057 2333 socius
1075 2277 1107 2333 in
1125 2276 1202 2332 bello
1214 2288 1319 2332 contra

241 2364 299 2419 sot,
318 2351 478 2409 Antiochus
498 2352 602 2408 multas
618 2353 702 2409 Asiae
719 2352 759 2409 ci·
797 2352 988 2421 Antiochum,
1009 2352 1114 2409 multas
1127 2352 1225 2429 Syriae
1244 2371 1318 2426 pro·

240 2429 342 2484 vitates
363 2428 445 2503 cepit.
467 2428 505 2484 At
529 2429 651 2484 Romani
672 2441 704 2484 ut
723 2428 759 2484 il·
797 2430 906 2488 vincias
924 2428 1000 2485 hosti
1021 2428 1130 2484 ablatas
1150 2427 1320 2484 aRomanis

236 2498 302 2561 lum
321 2523 338 2558 a
359 2501 493 2633 Philippo
504 2516 676 2574 averterent,
688 2505 759 2560 arni-
798 2505 933 2575 obtinuit,
947 2505 1055 2592 quibus
1075 2503 1178 2560 deinde
1197 2523 1250 2579 per
1260 2523 1319 2578 pa-

239 2579 336 2635 citiam
365 2580 530 2635 simuantes
560 2579 623 2636 loca
653 2601 669 2635 a
699 2581 757 2637 suis
795 2581 836 2637 cis
856 2581 1035 2638 conditiones
1061 2578 1204 2637 Antiocho
1231 2579 1317 2634 resti-

239 2654 378 2710 militibus
400 2668 540 2730 occupata
560 2656 586 2712 ei
607 2674 756 2712 concesse·
795 2657 875 2728 tutis,
889 2659 1032 2713 Eumenes
1044 2653 1122 2712 solus
1142 2654 1259 2712 relictus
1273 2666 1319 2712 est

237 2741 326 2796 runt;
347 2730 397 2784 scd
416 2744 514 2806 postea
535 2752 602 2788 curn
622 2732 758 2809 Philippo
796 2731 834 2788 ad
866 2753 980 2789 omnem
1008 2731 1144 2797 Antiochi
1173 2732 1212 2787 im
1251 2741 1318 2787 tum

240 2806 374 2861 societate
393 2807 478 2876 inita,
496 2806 672 2864 Antiochum
691 2808 758 2864 Asia
795 2811 921 2885 propriis
941 2808 1053 2866 viribus
1074 2751 1283 2865 sustinendiim.

240 2879 281 2936 cis
314 2881 460 2952 Taurum,
492 2902 560 2959 agro
580 2895 609 2940 et
634 2885 758 2961 pecunia
814 2884 965 2956 4Attalus
985 2884 1122 2940 Eumenis
1142 2882 1247 2950 srater,
1267 2880 1317 2937 ul-

234 2956 446 3032 tpoliaverunt.
793 2961 880 3017 timus
901 2961 1033 3036 Pergami
1045 2980 1107 3029 rex,
1121 2979 1186 3014 cum
1205 2957 1318 3015 liberos

258 3050 275 3089 a
297 3035 411 3104 Perses,
432 3056 449 3091 a
468 3035 499 3092 P.
510 3035 631 3095 Aemilio
650 3037 755 3104 victus,
792 3057 853 3092 non
872 3036 1004 3103 haberet,
1022 3034 1178 3093 haeredem
1197 3033 1318 3108 reliquit

260 3110 407 3187 rofugerat
435 3112 466 3168 in
495 3112 619 3170 insulam
651 3116 753 3173 Sarno*
817 3111 1122 3189 opulum·R·0manum.
1137 3110 1193 3168 Sed
1213 3127 1318 3166 rumor

236 3198 251 3241 t
272 3187 378 3243 raciam
397 3190 409 3258 [
426 3187 513 3246 hodie
538 3189 752 3263 Samadrachi]
792 3133 846 3244 litt
866 3187 912 3246 vel
932 3198 1137 3244 testamentum
1150 3186 1318 3245 simulatum

236 3261 276 3316 ad
303 3277 490 3341 prospectum
517 3266 678 3337 Thraciae,
709 3286 753 3322 sa·
792 3263 1315 3334 fuisse,vclAttalum,cumtestamen-

238 3357 317 3396 cram
336 3352 364 3408 et
389 3340 574 3411 inviolatam,
594 3343 693 3419 templi
717 3363 754 3399 uc
793 3353 855 3396 tum
877 3340 983 3397 faceret
997 3382 1004 3407 ,
1017 3360 1122 3415 parum
1140 3339 1240 3396 animo
1265 3359 1315 3395 va-

237 3432 268 3473 se
286 3412 417 3490 religioni
438 3417 597 3494 supplicem
623 3363 753 3475 credide·
792 3415 887 3475 luisse.
900 3417 975 3474 Hinc
986 3417 1124 3473 Horatius
1134 3414 1153 3472 l.
1167 3433 1194 3483 2,
1207 3413 1252 3471 od.
1270 3419 1316 3471 18.-

230 3504 298 3548 rat:
320 3491 435 3548 adeum
447 3494 503 3550 Gn.
517 3494 657 3552 Octavius
668 3514 753 3570 prae·
1058 3494 1166 3568 Neque
1177 3491 1277 3562 Attalp'

237 3579 284 3623 tor
314 3569 446 3643 pervenit
476 3570 561 3644 eique
591 3571 753 3646 persuasit,
793 3570 1019 3644 Ignotusheres
1031 3572 1146 3643 regiam
1159 3570 1317 3639 occupavi.

235 3656 269 3699 ut
281 3662 310 3700 se
322 3643 521 3701 Romanorum
533 3645 600 3701 fidei
621 3648 753 3702 commit·
812 3644 830 3701 5
849 3645 1040 3710 Aristonicus,
1060 3663 1120 3702 non
1138 3639 1242 3708 Attali,
1264 3643 1319 3699 scd

235 3731 317 3776 teret.
340 3719 439 3788 Quum
459 3721 581 3777 Romam
600 3723 631 3777 in
650 3723 754 3778 trium·
793 3721 932 3780 Eumenis
952 3743 987 3778 ex
1007 3716 1132 3796 Ephesia
1156 3715 1258 3793 pellice
1280 3717 1317 3772 fi-

235 3794 328 3870 phum
356 3794 459 3852 ductus
484 3811 556 3853 esset
580 3810 609 3854 ct
632 3798 663 3853 in
688 3818 751 3854 car·
789 3796 938 3863 lius,cum
946 3811 1096 3874 paternam
1107 3791 1317 3850 haereditatem

229 3889 301 3926 cere
310 3870 449 3939 inclusus,
460 3872 534 3927 sama
545 3874 673 3950 vulgavit
685 3894 751 3930 eum
789 3893 843 3950 per
874 3893 953 3928 arma
980 3872 1058 3928 adire
1074 3868 1187 3937 ⁸vellet,
1218 3889 1234 3923 a
1261 3869 1301 3925 M.

229 3965 254 4000 a
283 3946 421 4003 militibus
458 3947 636 4024 prohibitum
666 3950 752 4006 fuisse
789 3948 906 4024 Aquilio
926 3950 1018 4007 victus
1040 3945 1109 4002 etin
1126 3944 1308 4020 triumphurn

236 4039 355 4090 somno,
372 4036 401 4083 et
420 4024 460 4083 ita
479 4023 628 4102 paullatim
655 4024 766 4086 conss·
790 4025 907 4097 ductus,
918 4024 1074 4086 incarcere
1085 4034 1205 4084 necatus
1216 4033 1266 4080 est.
