2888 4748
396 337 587 407 neuneu
610 326 953 408 Juouurutunu
1171 368 1215 435 7,

139 493 266 562 midae:
292 488 402 584 plures
426 489 633 556 Atherbalem
657 506 838 580 sequuntur
853 541 868 577 ,
885 490 941 558 sed
962 490 1056 558 illum
1079 493 1216 564 alterum

138 602 223 670 hello
238 602 394 668 meliores.
404 598 507 688 Igitur
517 600 539 664 J
541 598 681 689 ugurtha
696 618 793 689 quam
808 621 971 666 maxumas
986 615 1091 692 potest
1106 602 1217 693 copies

138 725 263 778 armat:
285 709 381 776 urbes
396 709 513 799 partim
528 706 579 788 vi,
603 706 681 773 aliae
695 708 861 773 voluntate
875 707 1011 799 imperio
1027 731 1086 774 suo
1102 709 1216 795 adjun-

137 821 201 911 git:
222 819 310 884 omni
327 816 496 882 Numidiae
519 815 676 906 imperare
697 830 798 907 parat
815 813 989 898 Atherbal,
1010 816 1136 883 tametsi
1151 818 1215 885 llo·

137 952 223 994 mam
236 928 357 1016 legatos
373 925 513 1005 miserat,
529 924 586 1014 qui
602 939 748 990 senatum
763 923 915 989 docerent
928 923 969 989 de
984 924 1080 990 caede
1094 924 1216 1010 fratris,
1326 919 1330 923 ’

137 1050 169 1103 et
183 1034 321 1101 fortunis
337 1031 423 1110 suis,
445 1046 551 1097 tamen
570 1030 670 1097 fretus
686 1030 1065 1113 multitudine'militum,
1079 1034 1216 1124 parabat

137 1145 234 1208 armis
250 1140 448 1208 contendere.
468 1139 532 1203 Sed
546 1140 603 1204 ubi
619 1162 669 1204 res
685 1139 727 1204 ad
742 1154 902 1205 certamen
924 1140 1029 1221 venit,
1045 1141 1156 1208 'victus
1177 1165 1217 1210 ex

136 1250 260 1342 proelio
275 1247 418 1339 profugit
433 1247 467 1312 in
482 1246 682 1336 provinciam
697 1248 727 1327 ¹,
752 1269 788 1311 eo
804 1245 918 1314 deinde
934 1247 1071 1314 Romam
1085 1263 1218 1315 conten·

135 1359 193 1424 dit.
211 1360 296 1423 Tum
312 1357 333 1421 J
336 1355 492 1445 ugurtha,
507 1353 640 1444 patratis
656 1354 799 1421 consiliis
814 1360 843 1438 ⁸,
857 1369 1028 1446 postquam
1044 1358 1132 1422 omni
1140 1357 1219 1423 'Nu-

138 1465 236 1530 midia
251 1464 489 1557 potiebatur,in
505 1462 570 1527 otio
585 1461 711 1527 facinus
728 1484 823 1527 suum
837 1486 912 1529 eum
928 1464 1035 1529 animo
1050 1479 1217 1555 reputans,

79 1650 87 1670 β
119 1572 416 1663 ¹timerepopulnm
426 1569 1217 1662 Romanum,nequeadvorsusiramejususquam,

140 1680 202 1746 nisi
217 1680 251 1747 in
267 1680 399 1749 avaritia
415 1680 590 1745 nobilitatis
606 1692 637 1744 et
657 1679 796 1769 pecunia
816 1703 875 1744 sua
897 1703 986 1770 spem
1008 1680 1134 1746 habere.
1151 1681 1217 1748 Ita·

140 1811 221 1879 que,
242 1785 355 1880 paucis
371 1787 504 1869 diebus,
527 1809 601 1853 cum
617 1801 746 1876 argento
762 1801 794 1853 et
810 1811 887 1853 auro
902 1788 1004 1852 multo
1021 1789 1157 1854 Romam
1171 1789 1217 1855 le-

139 1911 228 1986 gatos
251 1896 375 1962 mittit:
399 1895 491 1985 queis
512 1892 694 1985 praecipit,
715 1894 764 1960 uti
786 1894 928 1984 primum
949 1909 1071 1962 veteres
1094 1894 1215 1962 amicos

140 2004 328 2069 muneribus
352 2003 524 2092 expleant:
553 2000 667 2067 deinde
691 2023 792 2069 novos
815 2001 1010 2091 adquirant:
1033 2018 1216 2093 postremo,

142 2133 376 2200 quemcumque
391 2110 517 2200 possint
530 2108 699 2199 largiundo
714 2131 845 2202 parare,
868 2133 909 2175 ne
932 2125 1131 2177 cunctentur.
1151 2110 1217 2177 Sed

141 2217 198 2282 uhi
213 2219 349 2283 Romam
364 2217 460 2308 legati
475 2233 640 2301 venere,et
654 2241 692 2283 ex
704 2233 874 2309 praecepto
890 2218 985 2308 regis,
997 2217 1180 2308 hospitibus
1202 2208 1215 2248 ⁸
1314 2310 1317 2314 Δ
1370 2249 1380 2263 .

142 2325 294 2415 aliisque,
310 2348 447 2416 quorum
470 2350 508 2392 ee
531 2340 717 2416 tempestate
738 2327 772 2389 in
795 2340 909 2391 senatu·
929 2326 1100 2392 auctoritas
1115 2325 1215 2415 polle-

140 2431 212 2513 bat,
234 2457 349 2522 magna
369 2455 504 2498 munera
525 2435 658 2509 misere,
680 2446 769 2496 tanta
788 2432 994 2497 commutatio
1016 2431 1163 2513 incessit,
1178 2447 1217 2498 ut

141 2561 179 2602 ex
200 2562 348 2604 maxuma
367 2540 488 2607 invidia
502 2536 514 2575 ⁴
529 2541 563 2605 in
586 2538 721 2630 gratiam
743 2553 775 2605 et
796 2538 937 2605 favorem
959 2539 1134 2605 nobilitatis
1155 2541 1216 2605 Ju-

141 2645 258 2733 gurtha
280 2648 421 2727 veniret3
443 2670 581 2736 quornm
603 2643 616 2681 ⁵
637 2670 712 2738 pars
736 2670 810 2738 spe,
832 2646 887 2712 alii
908 2647 1051 2738 praemio
1072 2645 1217 2731 inducti,

140 2754 283 2843 singulos
300 2770 464 2821 exsenatu
481 2755 653 2821 ambiundo
669 2754 871 2837 nitebantur,
891 2778 932 2821 ne
947 2755 1077 2846 gratim
1090 2755 1124 2820 in
1141 2779 1216 2842 eum

141 2863 369 2927 consuleretur.
395 2864 518 2953 Igitur,
534 2862 590 2928 uhi
612 2862 708 2952 legati
731 2863 807 2929 setis
832 2862 1016 2944 confidunt,
1031 2863 1083 2928 die
1098 2864 1215 2929 consti·

140 2982 208 3062 tuto
233 2983 361 3038 senatus
384 2972 529 3060 utrisque
543 2967 554 3002 ⁶
569 2971 672 3037 datur.
699 2969 1014 3036 Tum'Atherbalem
1034 2971 1097 3036 hoe
1117 2971 1215 3038 modo

140 3075 283 3141 locutum
300 3079 491 3168 accepimus.

187 3184 282 3250 XIV.
308 3191 344 3249 P.
373 3191 429 3265 C„
453 3188 591 3278 Micipsa
612 3201 706 3274 poter
729 3211 817 3252 meur
841 3178 977 3251 moriens
993 3185 1071 3251 milri
1083 3210 1213 3274 praeee-

138 3292 208 3377 pit,
232 3294 280 3354 uti
303 3295 392 3378 regni
413 3294 582 3358 Numidiae
608 3294 824 3358 tantummodo
846 3298 1103 3382 procurationem
1127 3298 1213 3360 earis-

142 3413 297 3461 tumorem
321 3422 444 3478 meam3
466 3417 605 3465 ceterum
624 3404 679 3487 jus
701 3417 733 3466 et
749 3404 916 3488 imperium
930 3428 1029 3491 penes
1051 3428 1101 3470 voa
1124 3427 1212 3470 esre:

165 3686 175 3722 1
190 3667 341 3724 InAfricae
354 3679 476 3746 partem,
490 3688 564 3744 quae
574 3689 659 3747 pare-
697 3673 933 3729 necessitudinem
945 3671 1072 3750 hospitii,
1081 3670 1211 3727 Numan·

144 3738 350 3804 batRomanis.
697 3749 757 3805 tino
769 3749 853 3808 bello.

163 3837 179 3874 a
200 3821 282 3889 Quae
300 3820 334 3876 de
353 3820 548 3897 opprimendis
565 3821 658 3878 fratri·
715 3823 735 3896 4
756 3825 804 3882 Ob
816 3839 961 3902 patratum
972 3823 1088 3881 facinus.

144 3894 247 3962 bns,et
265 3917 365 3969 eorum
384 3917 473 3974 regno
494 3895 658 3956 invadendo
715 3898 906 3962 5Nobilium.
1066 3971 1068 3976 Ι

145 3971 272 4031 iniverot.
710 3976 966 4034 6Admittunturin
976 3989 1085 4050 senatu,
1096 3986 1127 4036 ut
1136 3995 1211 4054 quae

162 4044 179 4102 3
194 4047 267 4103 Cum
279 4048 527 4127 quibuslugurtha
536 4050 658 4111 initetat
695 4053 793 4124 velint,
805 4064 957 4131 exponant.
