2888 4748
337 303 665 374 arsionunuu
690 263 978 379 rutenensi
1140 319 1201 399 ndi

138 467 209 554 198.
235 463 422 554 Hispaniam
438 465 499 532 sibi
515 464 680 554 antiquam
694 465 834 556 patriam
847 490 924 535 esse.
939 471 1025 536 Serv.
1037 474 1115 536 Aen.
1133 471 1154 539 l.
1176 498 1201 539 1.

192 589 282 634 Sertorii
291 588 383 635 dictam.
444 648 446 650 Ι

136 708 206 770 199·
232 683 416 750 Exercitum
431 704 518 746 more
533 685 691 767 majorum
705 698 835 751 vertere.
852 686 900 749 Id.
917 687 938 749 l.
956 685 987 763 d.

190 805 347 852 &adalarius
356 805 472 862 munos.
801 874 804 884 ,
878 851 880 854 ,

130 921 203 965 000.
230 899 382 989 Hispanis
398 920 466 962 mos
482 912 545 979 est,
559 913 595 965 ut
609 900 644 965 in
666 900 750 965 bella
771 904 922 970 euntibus
946 903 1118 989 iuvenibus
1140 892 1196 995 pa-

195 1020 322 1071 rentum
338 1004 421 1071 facta
435 1021 650 1075 memorentur
665 1032 684 1073 a
701 1010 864 1077 matribus.
882 1013 930 1076 Id.
947 1013 968 1075 l.
993 1036 1042 1076 ro.

187 1093 335 1187 disponendi
343 1138 423 1176 mores.

127 1244 201 1286 201.
227 1223 338 1311 Neque
353 1222 492 1312 virgines
507 1239 645 1314 nuptum
660 1225 879 1316 aparentibus
894 1228 1110 1294 mittebantur.
1129 1225 1197 1293 Sed

192 1329 281 1417 ipsae
294 1331 371 1396 belli
383 1333 651 1428 promptissumos
662 1333 849 1422 deligebant
858 1340 948 1399 Arus.
959 1340 1053 1398 Mese.
1065 1335 1103 1398 de
1114 1335 1195 1404 eloe.

185 1435 244 1483 uia.
388 1429 391 1436 '
1051 1458 1053 1468 ‹

125 1552 199 1594 202.
224 1532 285 1595 lllo
298 1530 462 1620 profectus
477 1533 565 1599 vicos
581 1533 772 1622 castellaque
787 1530 969 1614 incendere,
984 1517 1016 1596 et
1031 1529 1107 1621 fuga
1124 1533 1194 1599 cul-

192 1649 299 1703 torum
314 1637 437 1704 deserta
451 1639 519 1726 igni
534 1652 674 1718 vastare3
694 1653 798 1728 neque
819 1639 902 1704 elato
922 1653 978 1705 aut
993 1661 1107 1704 securo
1123 1661 1194 1705 csse

188 1743 295 1809 animo
312 1758 398 1810 metu
415 1746 517 1833 gentis
534 1745 575 1808 ad
588 1745 676 1839 furta¹
688 1745 764 1810 belli
784 1745 955 1834 Pyreneae.
981 1749 1063 1810 Non.
1088 1749 1190 1811 Marc.

179 1864 291 1924 Pompeius
301 1880 315 1911 ι
327 1866 424 1912 bearem
434 1866 462 1910 ad
474 1867 582 1923 Pyram
595 1874 677 1912 montes
687 1879 765 1921 agmen
775 1865 866 1912 ducem.

121 1960 195 2024 203.
221 1961 387 2026 Modestus
404 1960 444 2024 ad
460 1962 566 2027 omnia
581 1960 655 2041 alia,
671 1959 732 2024 nisi
748 1955 1061 2026 addominationcm.
1071 1962 1192 2031 nonae·

188 2070 221 2129 in
239 2067 363 2130 Phorm.

179 2173 302 2241 Pompeias.
527 2238 529 2242 μ

120 2264 193 2345 aod
218 2267 392 2358 Pompejus
408 2293 482 2335 cum
498 2268 655 2336 alacribus
671 2269 770 2350 saltu,
792 2292 867 2336 cum
885 2268 1054 2335 velocibus
1069 2259 1190 2349 cursu,'

168 2397 259 2464 ¹curn
280 2375 394 2443 validis
417 2391 507 2443 vecte
528 2378 676 2442 certabat.
702 2376 922 2464 Neque'enim
944 2376 1000 2440 illc
1024 2375 1116 2440 aliter
1129 2398 1187 2464 po·

182 2482 296 2548 tuisset
310 2505 369 2572 par
385 2506 459 2554 esse,
469 2483 628 2564 Sertorio,
643 2482 706 2548 nisi
721 2505 755 2547 sc
775 2497 807 2548 ct
827 2483 942 2559 milites
964 2479 1205 2570 frequentibus·

183 2589 341 2654 exercitiis
361 2592 628 2680 praeparavisset.
641 2589 682 2655 ad
703 2590 833 2680 praelia
861 2589 979 2656 istan.
1002 2587 1122 2653 sarith.
1149 2588 1185 2652 in

181 2696 306 2782 Polycr.
323 2697 343 2760 l.
363 2701 395 2776 6,
411 2723 437 2761 0.
455 2697 484 2774 d.

174 2817 251 2864 veru
262 2826 285 2864 st
295 2819 411 2877 vigilantia
422 2819 519 2878 Fannii
531 2821 555 2865 in
566 2821 672 2866 bibernis.

115 2910 188 2973 205.
215 2909 305 2978 Nova
321 2897 431 2977 aestas.
449 2918 533 2978 Serv.
554 2919 659 2998 Georg.
677 2913 697 2976 l.
720 2937 746 2975 1.

175 3032 236 3079 id'sm
248 3046 321 3081 exere.
333 3048 363 3094 ex¹
370 3035 502 3093 intentatione
512 3038 535 3082 in
546 3050 645 3095 campum
656 3034 752 3080 adducit.
800 3099 804 3105 Ι

113 3130 187 3190 206.
213 3127 312 3217 Apud
326 3114 426 3194 latera
441 3145 543 3197 certos
559 3128 788 3195 conlocauerat.
806 3125 854 3189 Id.
870 3125 999 3192 Aeneid.
1017 3121 1039 3187 l.
1061 3134 1092 3187 ιζ
1169 3205 1172 3210 ,

125 3238 131 3248 “
170 3247 240 3292 nam
248 3249 381 3293 mithridatis
392 3257 518 3305 tempestate
527 3263 609 3295 uerna
619 3252 644 3292 in
653 3249 765 3292 obsidione
774 3246 861 3302 cyzici.

112 3361 185 3425 207.
212 3338 258 3402 Ut
273 3339 430 3409 sustinere
445 3363 579 3428 corpora
600 3340 746 3431 plerique
769 3351 966 3428 nequeuntes
976 3360 990 3421 ,¹
1009 3344 1104 3404 arma'
1121 3361 1180 3406 sua

177 3444 314 3533 quisquc
329 3443 404 3508 fessi
421 3458 537 3509 stantes
546 3440 781 3509 'incumberent
799 3449 888 3509 Anus.
906 3450 1000 3511 Meos.
1017 3442 1056 3509 de
1073 3444 1152 3510 eloe.

168 3568 272 3624 Hirtuleji
282 3567 361 3614 milites
372 3565 487 3624 pugnando
497 3567 554 3625 apud
565 3568 675 3612 italicam.

111 3664 185 3728 208.
208 3664 310 3728 Jussu
326 3661 448 3727 Metelli
469 3661 656 3732 cornicines
676 3683 861 3728 occanucrc.
882 3659 1026 3755 Diomed.
1047 3682 1119 3746 cap.
1134 3657 1175 3726 de

173 3794 255 3855 spec.
268 3784 370 3857 praet.
647 3840 649 3843 ⁸
1069 3754 1071 3758 ⁷

166 3886 256 3944 signnm
266 3890 343 3947 predii
354 3888 410 3950 apud
420 3890 520 3938 irritem
529 3899 605 3938 conns
615 3891 755 3948 diductum.

107 4005 180 4083 ²⁰9·
207 3984 384 4052 Occursare
397 3986 494 4055 duces
510 4000 541 4052 ct
555 3987 712 4076 praelium
728 3981 916 4066 accendere,
936 3982 1015 4048 adeo
1037 3982 1087 4048 uti
1103 3981 1172 4051 Me·

153 4113 182 4156 r.
205 4112 230 4157 r.
949 4093 990 4156 16

1100 4218 1376 4470 n
