2888 4748
241 336 287 414 a>
534 294 572 398 a.
599 326 746 398 cusu
772 325 1020 403 ssiiusrrr

239 453 296 521 tta
311 456 551 544 magistratuum
573 468 716 532 armata,
739 478 760 515 a
781 456 931 522 Patribus
946 461 1076 525 secessit
1086 472 1105 524 ¹.
1122 465 1164 526 At
1177 484 1235 528 nos
1251 488 1319 531 nen

239 566 407 650 imperium
430 581 534 644 neque
557 559 685 623 diritius
707 562 867 645 petimus;
890 589 1026 651 quarum
1049 593 1157 633 rerum
1180 595 1318 654 caussa,

239 670 326 737 bella
349 682 445 753 atque
470 670 649 731 certamina
673 670 781 731 omnio
804 672 890 735 inter
908 676 1053 740 mortalis
1076 693 1173 757 sunt3
1195 679 1255 744 sed
1277 681 1317 745 li·

237 778 412 843 lertatem·
420 825 430 854 ‚
446 799 542 861 quam
559 798 651 837 nemo
669 773 783 855 tonas,
799 779 864 842 nisi
878 804 950 844 cum
966 785 1076 847 anima
1091 786 1208 865 simul,
1221 789 1319 853 amit·

236 887 284 950 tit.
313 887 354 948 Te
378 899 476 969 atque
500 897 646 946 senatum
672 882 892 965 obtestamur,
915 890 1090 955 consulatis
1116 895 1240 958 miseris
1270 896 1319 981 ci·

236 993 345 1058 ribus:
370 990 447 1076 legis
470 989 688 1084 praesidium,
712 992 798 1078 quod
822 996 977 1080 iniquitas
998 1002 1157 1085 praetoris
1181 1004 1315 1088 eripuit,

235 1100 437 1176 restituatis,·
460 1120 537 1162 nere
562 1097 654 1161 nobis
678 1123 749 1163 eam
773 1104 1040 1170 necessitudinem
1064 1109 1255 1194 inponatis,
1278 1125 1315 1173 ut
1412 1178 1420 1194 x

235 1230 456 1297 quaeramus,
479 1231 619 1293 quonum
643 1207 761 1288 modo,
784 1234 936 1276 maxume
960 1212 1024 1278 ulti
1046 1218 1234 1303 sanguinem
1258 1241 1314 1281 no·

235 1333 358 1395 strum,
380 1339 560 1402 pereamus.

281 1424 433 1492 XXXV.
458 1422 512 1488 Ad
534 1423 615 1490 haec
640 1427 678 1510 Q.
696 1425 840 1492 Marcius
860 1428 1046 1518 respondit:
1064 1430 1196 1517 Siquid
1210 1429 1251 1494 ab
1267 1455 1316 1496 se·

233 1548 313 1600 natu
336 1547 444 1619 petere
470 1532 608 1613 uellent,
623 1534 663 1597 ab
681 1537 779 1598 armis
794 1536 981 1617 discedant,
1002 1541 1133 1602 Romam
1153 1538 1316 1625 supplices

230 1640 496 1730 proficiscantur:
521 1665 561 1704 eo
585 1638 831 1706 mansuetudine
856 1660 953 1730 atque
979 1645 1200 1710 misericordia
1223 1671 1316 1711 seno·

234 1764 303 1812 tum
324 1748 546 1836 populumque
572 1752 751 1813 Romanum
775 1774 900 1836 semper
913 1753 1044 1836 fuisse,
1064 1769 1101 1818 ut
1130 1778 1222 1819 nemo
1247 1778 1316 1817 um·

235 1880 333 1943 quam
358 1855 397 1921 al
423 1882 459 1921 eo
473 1858 605 1941 frustra
630 1857 793 1922 auxilium
815 1861 971 1944 petiverit.
990 1859 1035 1924 At
1052 1859 1192 1925 Catilina
1212 1883 1249 1925 ex
1264 1860 1316 1924 iti-

234 1987 311 2030 nere
334 1964 499 2055 plerisque
523 1965 767 2045 consularibus,
790 1979 956 2054 praeterea
980 1980 1113 2056 optumo
1137 1966 1254 2056 cuique
1277 1967 1316 2030 li·

235 2087 320 2138 teras
343 2073 460 2137 mittit:
478 2076 540 2159 Se,
554 2074 657 2158 salsis
673 2073 861 2136 criminibus
876 2076 1147 2155 circumventum,
1162 2077 1316 2162 quoniam

227 2182 373 2268 sectioni
396 2183 599 2246 inimicorum
623 2183 769 2245 resistere
794 2184 989 2266 nequiverit,
1002 2183 1161 2266 fortunae
1185 2182 1317 2262 cedere,

236 2290 419 2359 Massiliam
449 2281 519 2354 3ιἰι
551 2289 704 2354 exsilium
733 2287 894 2374 proficisci
920 2313 929 2351 ε
960 2314 1024 2352 non
1055 2314 1117 2376 quo
1147 2290 1210 2354 sibi
1232 2291 1317 2354 tanti

235 2401 366 2465 sceleris
390 2400 535 2463 conscius
559 2412 661 2475 esset,-
690 2395 748 2460 sed
778 2397 826 2459 uti
855 2395 1048 2481 Respublica
1072 2399 1181 2483 quieto
1194 2398 1316 2481 soret,-

235 2533 311 2574 nere
336 2508 381 2572 eoi
403 2531 463 2570 suo
486 2507 689 2570 contentione
705 2503 819 2568 seditio
836 2505 982 2569 oriretur.
1001 2503 1053 2566 Ah
1076 2502 1128 2569 his
1150 2504 1246 2594 longe
1269 2503 1317 2569 di-

234 2639 343 2684 versas
365 2614 488 2679 litteras
513 2613 551 2696 Q.
578 2611 715 2678 Catulus
743 2612 777 2675 in
808 2623 919 2677 senatu
950 2610 1119 2688 recitavit3
1142 2635 1223 2701 quas
1253 2610 1315 2685 sibi

236 2723 368 2788 nomine
386 2720 545 2785 Catilinae
567 2718 708 2786 redditas
731 2718 857 2785 dicebat
876 2746 883 2783 :
908 2737 1018 2784 aarum
1037 2719 1217 2810 exemplum
1231 2717 1321 2786 infra.

238 2830 476 2918 scriptumest

282 2935 453 3003 XXXVI.
479 2939 513 3000 L.
541 2935 686 3000 Catilina
712 2937 747 3016 Q.
776 2934 891 2999 Catulo
917 2936 950 3000 S.
974 2937 1110 3023 Egregia
1134 2950 1191 2998 tua
1203 2932 1315 3018 fides,

234 3069 270 3110 re
294 3047 422 3132 cognita
433 3093 442 3123 ,
455 3059 550 3132 grata
565 3043 666 3122 mihi3
681 3044 803 3128 magnis
820 3044 853 3105 in
870 3045 948 3108 meis
962 3044 1116 3130 periculis
1127 3093 1138 3122 ,
1150 3031 1314 3127 fiduciam
1339 3121 1341 3124 .

235 3154 505 3222 commendationi
520 3174 610 3218 meae
634 3151 756 3216 tribuit.
774 3150 1011 3232 Quamobrem⁴
1033 3152 1251 3236 defensionem
1276 3151 1311 3211 in

259 3444 271 3482 ι
294 3424 352 3480 Ter
371 3422 455 3500 plebs
476 3436 585 3481 armata
606 3424 718 3482 secessit
738 3444 756 3480 a
813 3419 831 3479 3
851 3421 929 3479 Urbs
949 3421 1090 3478 maritima
1103 3418 1222 3478 *Calliae
1239 3417 1314 3474 Nar·

234 3500 378 3578 patribus.
404 3521 425 3560 1.
444 3500 474 3556 in
487 3501 609 3558 Sacrum
628 3514 768 3558 montem'
794 3498 946 3556 bonensis:
968 3497 1054 3554 hodie
1074 3496 1246 3570 Marsiglia.
1312 3554 1315 3559 ,

235 3578 274 3634 ob
296 3575 495 3635 crudelitatem
522 3580 755 3645 foeneratorum,
813 3575 832 3648 4
853 3577 960 3634 Sensus
980 3574 1110 3632 videtur:
1130 3572 1213 3649 quod
1228 3570 1314 3625 mise·

236 3672 261 3709 n.
283 3654 314 3710 in
333 3654 510 3711 Aventinum
529 3654 617 3730 Appii
638 3651 755 3709 Claudii
793 3673 845 3710 ros
868 3673 907 3710 ex
918 3653 1156 3726 foeneratorum
1177 3647 1316 3702 manibus

235 3729 369 3787 luxuriae
394 3749 497 3800 causa3
523 3728 549 3789 3.
581 3731 611 3786 in
635 3729 754 3787 Janicu-
795 3730 1005 3785 crudelissimis
1021 3724 1314 3800 eripiendosstatue-

234 3804 297 3863 lum
316 3819 437 3883 propter
458 3826 505 3864 aes
525 3806 658 3863 alienum.
793 3809 861 3872 rim,
873 3825 969 3883 eaque
986 3804 1023 3860 de
1043 3814 1085 3858 re'
1097 3798 1314 3876 reprehendar,

257 3883 754 3959 nUtimperiumevertant,liberta·
794 3882 914 3938 decrevi
931 3881 1051 3956 publice
1069 3897 1114 3932 me
1131 3896 1192 3932 non
1210 3875 1315 3949 deffen-

235 3968 296 4012 tem
311 3961 492 4033 praeferunt3
512 3962 535 4016 si
551 3960 754 4037 perverterint,
793 3959 866 4013 dere
875 3981 887 4022 ;
907 3960 962 4012 tibi
973 3968 1071 4010 tamen
1084 3950 1315 4024 amieosatisfa-

233 4032 329 4110 ipsam
338 4035 642 4112 aggredienturTecit.
651 4033 754 4094 Annal.
795 4037 858 4091 cio:
874 4037 950 4094 scito
963 4036 994 4090 in
1005 4033 1063 4088 lioc
1074 4049 1153 4088 nero
1166 4047 1232 4085 meo
1243 4044 1315 4083 eon·
