2888 4748
382 314 571 397 cincun
594 297 932 384 sucummsun
965 350 969 356 -
1147 337 1191 406 97
1241 370 1244 377 .

122 473 253 557 vitutem
269 467 436 536 toleratis?
451 473 491 534 As
506 470 650 556 quisunt
664 466 715 546 ht,
730 467 787 554 qui
801 446 1040 549 Reaipublieam
1057 484 1194 549 occupa·

121 585 217 646 esre?
236 579 381 659 homines
403 577 650 643 sceleratissumi
662 623 671 653 ,
693 575 833 639 cruentis
857 570 1026 649 manibus,
1057 572 1194 639 immani

123 688 271 766 avaritia,
286 685 512 750 nocentissumi
535 683 681 768 idemque
705 680 946 766 superbissumi3
960 676 1077 764 quihus
1091 676 1197 764 fides,

121 793 240 872 haus,
267 795 391 879 pietas,
419 807 576 878 postremo
600 788 730 854 honesto
760 804 856 873 atque
886 785 1055 850 inhonesta
1083 787 1197 850 omnia

123 902 273 987 quaestui
293 914 377 963 sunt.
401 901 481 962 Pars
504 921 634 977 eorum,
657 895 808 961 occidisse
833 893 975 959 tribunos
997 892 1119 979 piebis,
1134 893 1198 957 aiii

123 1009 325 1093 quaestiones
349 1006 504 1087 injustos,
524 1007 671 1092 plerique
694 1004 823 1070 caedem
848 1004 882 1066 in
907 1025 957 1064 vos
970 1001 1109 1083 secisse,
1134 1024 1196 1086 pro

122 1117 319 1178 munimento
336 1114 486 1179 'habent
504 1094 575 1192 Itd,
590 1137 686 1198 quam
710 1113 843 1198 quisque
857 1108 1113 1195 pessumesecit‚
1129 1123 1197 1174 tam

123 1245 274 1284 maxume
299 1236 385 1286 tutus
406 1237 475 1285 est:
490 1238 608 1285 metum
628 1245 652 1282 a
674 1219 792 1282 scelere
815 1240 872 1279 suo
896 1215 940 1279 ad
957 1216 1116 1302 ignaviam
1132 1238 1198 1279 ves·

124 1343 207 1390 tram
228 1328 242 1353 ⁸
258 1330 449 1394 transtulere¹
460 1353 561 1415 :qnos
575 1329 700 1405 omnis,
715 1326 824 1390 eadem
842 1347 972 1410 cupere,
987 1321 1098 1386 eodem
1115 1320 1198 1386 odis·
1251 1388 1254 1395 Δ

124 1457 160 1497 se
173 1483 183 1512 ‚
206 1435 317 1499 eodem
340 1452 479 1500 metuere
502 1437 536 1499 in
560 1458 660 1517 unum
674 1435 786 1520 megit.
804 1430 869 1496 Sed
890 1431 969 1495 hoec
993 1431 1077 1495 inter
1098 1428 1199 1495 bonos
1251 1509 1253 1513 Ι

125 1540 282 1621 amicitia,
298 1544 381 1607 inter
396 1544 496 1607 molas
512 1541 608 1606 factio
624 1555 680 1605 est.

171 1647 319 1715 XXXV.
338 1650 428 1731 Quod
441 1652 470 1713 si
485 1664 551 1712 tam
566 1673 617 1712 vos
633 1647 791 1712 libertatis
800 1660 910 1712 cutam
919 1645 1202 1732 haberetis‚quom

125 1752 180 1817 itti
197 1755 245 1818 ad
265 1750 511 1820 dominationem
535 1757 663 1821 accensi
685 1770 760 1818 suut
771 1784 781 1834 ,-
794 1755 935 1840 prosecta
960 1777 1063 1840 neque
1079 1756 1200 1840 Respu-

125 1857 234 1940 blica,
256 1865 352 1926 sicuti
373 1887 481 1942 nunc,
504 1877 680 1927 vastaretur
689 1851 757 1940 get
779 1862 935 1946 beneficio
959 1876 1060 1925 vestra
1075 1855 1087 1896 ³
1097 1884 1201 1947 penes
1240 1928 1254 1950 ι,

125 1984 288 2052 optumos,
303 1993 366 2032 non
380 1970 619 2032 audacissumos
631 1969 769 2052 ,forent
794 1972 934 2053 Majores
950 1969 1044 2033 uestri
1057 1966 1201 2055 parandi

122 2077 206 2160 juris
221 2083 232 2120 ⁴
246 2077 465 2170 etqmajestatis
486 2076 729 2140 constituendae
750 2077 877 2162 gratia,
900 2073 947 2139 bis
969 2101 1028 2164 per
1050 2077 1199 2140 secessio-

127 2205 201 2244 nem
216 2184 228 2224 ⁶
241 2185 358 2246 armati
367 2183 553 2247 Aventinum
568 2207 759 2270 occupavere
772 2209 839 2249 :vos
853 2209 912 2272 pro
929 2184 1090 2262 libertate,
1101 2205 1199 2268 quam

127 2288 170 2351 ab
194 2289 260 2352 iilis
280 2292 470 2378 accepistis,
492 2315 556 2355 non
578 2317 617 2356 ne
639 2315 764 2356 summa
783 2317 842 2379 ope
858 2294 1031 2357 nitemini?
1046 2307 1143 2376 atque
1160 2313 1198 2354 ea

126 2395 361 2478 vehementius,
376 2422 439 2483 quo
454 2402 557 2482 majus
573 2398 708 2461 dedecus
725 2412 793 2478 est,
807 2416 902 2485 parta
918 2401 1085 2476 omittere,
1100 2419 1198 2482 quam

127 2506 257 2599 omuino
281 2528 344 2566 non
356 2507 548 2590 paravisse?
570 2508 662 2569 Dicet
683 2506 824 2596 aliquis.-
841 2507 926 2590 Quid
946 2508 1043 2593 igitur
1060 2507 1199 2567 censes?

126 2609 352 2674 vurdicandum
376 2613 408 2676 in
431 2636 505 2693 eos,
525 2615 582 2699 qui
596 2613 680 2680 hosti
692 2616 860 2703 prodidere
876 2613 1116 2701 Rempuldicam
1132 2634 1199 2675 non

126 2740 246 2796 manu,
260 2743 363 2806 neque
387 2722 417 2783 oi
426 2749 437 2800 ,·
460 2721 547 2808 quod
564 2727 663 2810 magis
685 2749 735 2788 vos
747 2727 869 2809 secisse
882 2772 891 2802 ‚
903 2746 1003 2810 quam
1025 2719 1092 2784 iilis
1114 2721 1199 2803 acci·

124 2820 233 2903 disse,
248 2826 412 2914 indignum
428 2844 496 2906 est‚·
511 2853 616 2895 rerum
637 2831 874 2918 quaestionibus
899 2846 931 2895 et
953 2829 1072 2894 cadmia
1094 2829 1198 2914 ipsius

68 2949 71 2954 '
125 2931 393 3018 Iugurthaeque·
413 2937 442 2999 si
465 2936 634 3002 dediticius
649 2955 713 3018 σείς
726 2940 868 3026 profecto
879 2939 978 3023 jussis
995 2936 1103 3000 vestris
1126 2933 1197 2998 obe-

124 3035 217 3103 diens
241 3044 322 3106 erit:
341 3045 391 3106 sin
415 3069 454 3108 ea
476 3049 668 3125 contemnit,
690 3047 813 3112 scilicet
835 3043 1074 3119 aestumahitis,
1090 3040 1197 3127 qualis

124 3145 188 3209 itta
208 3171 278 3233 poce
301 3166 359 3213 out
389 3152 508 3216 deditio
532 3157 594 3234 sits,
609 3179 653 3219 eac
675 3179 740 3240 qua
763 3155 807 3218 ad
827 3151 1015 3239 togurttsam
1039 3148 1196 3212 scelerum

128 3250 292 3336 inpunitos
303 3304 313 3333 ,
325 3256 372 3318 ad
391 3282 511 3342 poue-os
533 3263 671 3346 potentis
694 3285 865 3324 maxumae
889 3259 1038 3334 divitiae,
1053 3257 1087 3318 in
1104 3258 1195 3347 Bem-

126 3355 288 3442 publicam
316 3362 436 3428 damna
467 3381 563 3451 atque
595 3366 750 3432 dedecoro
778 3366 987 3454 pervenerint.
1017 3364 1088 3426 Nisi
1101 3364 1194 3447 forte

152 3571 163 3607 1
186 3549 227 3604 Ea
239 3549 273 3605 de
284 3564 315 3600 re
328 3557 444 3605 setutos
452 3558 564 3622 putant.
675 3565 761 3604 nores
787 3546 819 3603 in
839 3545 1000 3624 Republica
1027 3541 1193 3615 frequenter

147 3645 164 3682 2
183 3625 277 3682 Idest:
299 3620 412 3678 Scelera
424 3621 578 3680 sceleribus
588 3621 640 3678 ad·
677 3628 836 3693 vocantur,
856 3623 924 3699 quia
939 3617 1079 3694 suffragiis
1089 3614 1193 3692 populi

128 3698 237 3767 dendo,
279 3718 331 3755 ttae
352 3717 403 3757 vos
424 3699 505 3775 peri
524 3700 638 3758 naviam
675 3698 802 3757 mandati
814 3711 903 3757 erent.

128 3796 188 3832 non
202 3719 370 3844 vindonis,
389 3721 639 3833 sormidoiosifecti
694 3772 714 3845 4
732 3775 772 3830 Ut
793 3774 925 3832 tribunos
946 3769 1119 3833 obtinerent,
1139 3766 1192 3844 qui

129 3864 203 3908 sunt.
673 3853 738 3928 jura
758 3849 851 3930 plebis
870 3859 1026 3909 tuerentur.

147 3924 164 3983 3
186 3924 325 3982 Beneficio
340 3925 442 4005 populi
456 3925 638 3995 consulatus,
694 3925 711 3983 5
732 3926 776 3982 De
795 3924 888 4002 plebis
908 3902 1199 3982 secessmnibusvid'e

126 4001 294 4072 sacerdotia,
314 4012 460 4082 praetura,
471 4000 575 4083 aliique
585 4001 638 4062 ho
675 4021 741 4083 pag.
761 4013 817 4072 qo,
836 4012 896 4058 not.
919 4018 943 4058 ι.
1032 4011 1035 4018 ·

176 4119 204 4170 r·
227 4119 251 4160 1·
990 4120 1008 4183 7
