2888 4748
269 337 332 407 ηδ
567 331 605 398 G.
630 328 778 404 CRISPI
804 330 1048 416 SALLUSTJI

260 484 353 576 prius
374 502 472 574 mem
487 504 525 549 ex
540 485 652 549 eastris
676 487 919 570 subveniretur,
941 488 1036 555 sicuti
1058 486 1141 582 jussi
1165 504 1280 576 erant,
1303 491 1338 560 in

259 613 438 684 proxumos
460 592 553 658 celiis
576 593 752 658 discedunt.

306 700 398 765 mx
424 700 557 766 Interim
581 701 701 767 Romae
731 702 883 791 gaudium
915 704 1027 792 ingens
1058 718 1163 770 ortum
1193 708 1334 797 cognitis

260 809 504 890 Meteilirebus
535 823 572 873 ut
603 831 700 897 seque
728 824 759 874 et
789 810 960 876 exereitum
985 834 1071 876 more
1095 816 1253 898 majorum
1281 839 1333 904 ge-

257 933 363 996 reret3
385 918 420 982 in
443 916 577 998 aduorso
593 916 664 980 loeo
680 917 781 983 vietor
796 933 900 983 tamen
916 920 1032 984 virtute
1048 919 1166 999 fuisse3
1190 921 1333 991 hostium

256 1050 337 1118 agro
357 1025 536 1116 potiretur3
560 1023 773 1114 Jugurtbam‚
788 1024 993 1115 magnificum
1008 1050 1045 1092 ex
1061 1026 1139 1092 Auli
1164 1030 1333 1111 socordia,

258 1120 349 1227 spem
374 1133 486 1199 salutis
509 1133 543 1197 in
569 1132 740 1198 solitudine
764 1149 820 1198 aut
841 1132 917 1222 fuga
941 1135 1093 1224 coegisset
1120 1135 1244 1202 habere.
1269 1138 1331 1202 Ita·

258 1267 324 1335 qtae
339 1255 486 1321 senatus,
509 1241 547 1305 ob
572 1267 612 1305 ea
624 1242 772 1326 feliciter
787 1258 873 1320 aeto,
889 1245 957 1306 Diis
974 1244 1195 1308 inmortalibus
1211 1246 1330 1330 suppli·

256 1353 311 1417 eia
334 1361 342 1385 ¹
369 1350 539 1415 decernere
562 1376 569 1412 ε
594 1348 722 1430 civitas,
745 1349 868 1438 trepida
891 1365 983 1415 autea
999 1363 1030 1414 et
1046 1350 1169 1415 solicita
1192 1352 1231 1417 de
1254 1353 1329 1418 beili

253 1473 390 1539 eventu,
412 1459 494 1522 laeta
518 1480 634 1546 agere:
659 1457 698 1521 de
724 1457 853 1522 Metello
876 1457 959 1523 fama
981 1457 1144 1547 praeclara
1169 1482 1246 1523 esse.
1265 1460 1329 1547 Igi-

255 1579 312 1633 tur
333 1589 372 1630 eo
395 1565 549 1629 intentior
572 1564 613 1628 ad
636 1564 801 1631 victoriam
825 1565 883 1633 niti
908 1592 922 1628 :.
946 1566 1092 1630 omnibus
1116 1565 1219 1636 modis
1242 1566 1328 1630 festi-

255 1696 361 1738 nare:
387 1695 498 1739 cavere
521 1687 638 1751 tamen,
663 1672 779 1738 necubi
802 1672 887 1737 hosti
909 1673 1107 1761 obportunus
1131 1670 1239 1738 fieret:
1263 1696 1326 1738 me·

253 1781 402 1863 minione,
425 1794 499 1870 poet
513 1780 648 1868 gloriam
662 1780 816 1846 invidiam
838 1781 935 1869 sequi.
953 1781 1022 1860 Ita,
1046 1804 1108 1868 quo
1133 1780 1269 1860 cl'arior,
1286 1804 1324 1845 eo

253 1889 356 1978 magis
379 1887 493 1952 anxius
517 1902 608 1952 erat:
641 1911 745 1976 neque
767 1903 840 1978 post
863 1887 994 1952 insidias
1017 1887 1197 1976 iugurthae
1221 1887 1323 1952 effuso

251 1997 393 2062 exercitu
416 1995 572 2086 praedari.
601 1995 668 2060 Ubi
691 1995 851 2060 frumento
882 2011 937 2061 aut
965 1995 1084 2085 pabulo
1115 2018 1197 2084 opus
1229 2009 1324 2075 erat,

248 2104 399 2170 cobortes
423 2125 498 2168 oum
522 2104 609 2166 omni
633 2102 777 2190 equitatu
800 2104 996 2192 praesidinm
1020 2103 1207 2191 agitabant:
1239 2126 1323 2179 ener-

251 2212 336 2277 eitus
358 2225 483 2301 partem
506 2210 594 2300 ipse,
617 2209 759 2297 reliquos
784 2209 906 2272 Marius
930 2210 1074 2275 ducebat
1093 2209 1157 2274 Sed
1176 2210 1242 2298 igni
1257 2233 1322 2273 ma·

250 2321 326 2410 gis,
350 2341 446 2407 quam
476 2317 620 2408 praeda,
651 2339 726 2406 ager
754 2315 944 2381 vastabatur.
970 2316 1106 2381 Duobus
1134 2317 1212 2380 loeis
1235 2315 1322 2387 baud

249 2427 345 2516 longe
369 2427 452 2493 inter
476 2449 509 2490 se
533 2439 636 2490 castra
659 2424 825 2488 faciebant
851 2424 917 2487 Ubi
940 2424 973 2488 vi
997 2447 1078 2512 opus
1101 2438 1189 2503 erat,
1213 2423 1321 2487 cuncti

248 2534 407 2599 ederant:
432 2547 593 2612 ceterum,
616 2557 682 2622 quo
705 2531 782 2619 fuga
805 2545 899 2619 atque
928 2529 1064 2595 formido
1085 2531 1180 2595 latius
1202 2553 1320 2595 cresee-

248 2654 314 2719 ret‚
338 2640 457 2707 divorsi
474 2641 642 2728 agebant0.
660 2639 707 2701 Eo
724 2652 866 2727 tempore
889 2636 1051 2726 iugurtha
1073 2660 1131 2727 per
1154 2638 1251 2702 eolles
1274 2658 1320 2702 se·
1404 2628 1412 2641 ’

249 2747 329 2835 qui:
353 2756 479 2834 tempus
503 2761 561 2811 aut
580 2746 687 2810 locum
710 2752 836 2832 pugnae
861 2767 1036 2833 quaerere:
1060 2768 1126 2834 qna·
1146 2758 1317 2811 venturum

246 2851 374 2917 hostem
395 2852 556 2931 andierat,
579 2852 734 2939 pabulum
749 2866 781 2917 et
796 2876 952 2940 aquarum
966 2852 1088 2930 fontes,
1112 2873 1248 2938 quorum
1263 2873 1317 2937 pe·

246 2961 343 3027 auria
358 2974 444 3040 erat,
461 2981 664 3047 eorrumpere
682 2985 688 3022 :
705 2959 798 3024 modo
815 2983 848 3024 se
865 2959 1014 3038 Metello,
1037 2957 1196 3021 interdum
1212 2955 1317 3019 Mario

247 3069 433 3133 ostendere:
450 3080 627 3156 postremos
641 3066 674 3128 in
691 3067 815 3154 agmine
836 3079 972 3144 tentare,
996 3087 1032 3128 ae
1056 3062 1162 3128 statim
1176 3063 1210 3127 in
1226 3063 1316 3127 collis

243 3176 387 3264 regredi:
412 3198 523 3239 rursus
548 3174 630 3254 aliis,
653 3188 728 3262 post
750 3175 820 3237 aliis
844 3171 1004 3234 minitari:
1029 3192 1133 3258 neque
1156 3171 1315 3258 proelium

243 3282 367 3362 faeere,
391 3304 495 3373 neque
513 3280 614 3346 otium
627 3282 714 3372 pati,·
738 3278 957 3346 tantummodo
974 3277 1098 3373 hostem
1114 3279 1153 3343 ab
1168 3280 1315 3368 incoepto
1360 3323 1364 3329 .

245 3405 392 3463 renuere,

288 3499 361 3567 LX.
386 3498 552 3582 Romanus
574 3498 746 3586 imperator
769 3495 828 3560 ubi
850 3520 882 3560 se
906 3495 987 3560 dolis
1007 3493 1132 3582 fatigari
1146 3492 1243 3570 videt,
1260 3514 1312 3554 ne-

241 3630 303 3701 que
327 3607 368 3677 ab
391 3605 482 3677 hoste
505 3605 632 3699 copiam
653 3603 820 3699 pugnandi
843 3602 931 3698 fieri,
954 3602 1066 3668 urbem
1090 3620 1256 3686 magnam,
1280 3611 1312 3663 et

264 3907 273 3942 1
298 3887 513 3963 supplicatione
525 3885 631 3942 indicta
642 3927 650 3952 ‚
662 3903 757 3960 popu·
797 3885 887 3942 storia
904 3882 959 3944 sibi
978 3881 1033 3957 ipsi
1049 3879 1260 3955 gratulabatur.

240 3961 286 4024 lus
301 3964 448 4019 Romanus
466 3964 502 4018 ad
520 3963 624 4017 omnia
638 3961 757 4016 deorum
817 3979 831 4017 a
854 3961 957 4018 Castra
968 3970 1054 4032 atque
1066 3956 1126 4018 iter.

242 4038 367 4120 templa,
388 4040 475 4096 caesis
495 4038 633 4120 vietirnis,
659 4037 695 4097 de
714 4037 756 4096 vi„
