2888 4748
1229 301 1270 358 xi

181 418 346 526 propius
366 412 546 493 accedat:
566 409 610 487 in
630 407 795 516 singulis
816 409 926 487 enim
946 422 1041 488 sunt
1060 410 1203 516 gradus
1223 428 1265 494 et

181 567 354 657 limites,
374 562 521 669 quibus
542 563 647 639 inter
674 587 716 638 se
746 557 961 652 differunt,
981 562 1054 667 qui
1072 562 1142 642 vix
1162 588 1270 641 com·

183 711 379 820 prehendi
408 725 602 819 possunt,
634 707 684 786 ab
713 709 842 816 iisque
873 723 1032 787 tantum
1065 707 1271 804 discerni,

183 886 358 968 quorum
378 857 715 965 perspicacissima
736 871 796 934 est
815 856 966 959 ingenii
986 838 1117 954 acies,
1147 873 1189 937 et
1207 884 1270 938 co·

185 1011 309 1116 gnitio
330 1005 500 1086 humani
520 1007 644 1083 animi
663 1005 920 1112 penitissima.
1088 990 1120 1064 ²<-

239 1153 351 1234 Sulla
374 1169 415 1231 et
436 1152 579 1232 Caesar
597 1154 684 1260 pari
705 1153 921 1231 ambitione
941 1151 1049 1257 capti
1073 1152 1270 1266 principa·

183 1322 274 1386 tum
297 1319 498 1411 exoptant,
516 1299 588 1382 sed
605 1329 678 1410 pro
699 1330 770 1384 sua
789 1317 960 1411 uterque
979 1316 1122 1381 natura
1142 1301 1271 1388 diver-

178 1426 239 1536 sis
260 1458 388 1536 utitur
413 1453 587 1546 artibus,
607 1470 655 1533 ut
674 1453 718 1533 id
738 1469 978 1562 assequatur.
1002 1455 1163 1534 Catonis
1182 1478 1272 1560 pro·

185 1604 288 1686 bitus
304 1633 339 1684 ‘a
366 1603 563 1712 probitate
597 1604 731 1685 Catuli
760 1604 986 1714 discrepat3
1023 1604 1072 1684 ab
1110 1601 1276 1684 audacia

139 1738 142 1741 ¹
187 1756 356 1839 Antonii
376 1755 541 1837 audacia
564 1755 768 1836 Catilinae.

240 1907 439 1998 Naturae,
461 1931 583 2011 quem
613 1918 751 1985 auctor
781 1899 947 1983 cuilibet
977 1901 1153 1996 effinxit,
1174 1902 1273 1984 adeo

189 2053 374 2156 congruit
392 2075 549 2145 senno,
569 2065 617 2130 ut
634 2049 845 2144 nonnulli,
865 2053 971 2131 inter
990 2042 1089 2160 quos
1110 2048 1275 2130 Plutar-

191 2196 316 2293 chus,
338 2201 548 2280 conciones
573 2229 599 2280 a
631 2201 820 2284 Sallustio
849 2198 1017 2294 relatas,
1046 2228 1149 2309 quae
1179 2199 1278 2280 olim

191 2350 475 2458 pronunciatae
494 2350 671 2442 fuerint,
704 2378 804 2430 unas
826 2368 867 2429 et
887 2351 1045 2428 easdem
1073 2377 1158 2428 esse
1184 2376 1277 2430 con·

192 2497 404 2575 tenderint.
420 2496 499 2574 Sed
518 2495 615 2576 huie
635 2499 815 2605 opinioni
833 2501 999 2578 minime
1021 2501 1276 2600 assentimur3

192 2648 236 2722 in
256 2643 421 2749 singulis
440 2646 547 2722 enim
564 2644 738 2726 elocutio
759 2645 939 2727 Sallustii
961 2651 1119 2757 propria
1140 2647 1275 2754 digno·

193 2796 338 2886 scitur,
361 2795 393 2872 si
414 2793 621 2900 epistolam
645 2795 839 2876 Catilinae
860 2796 912 2876 ad
933 2798 977 2899 Q.
1003 2796 1191 2878 Catulum
1213 2826 1280 2877 ex-

193 2943 316 3049 eipias
346 2963 385 3035 ¹,
404 2970 487 3022 non
515 2944 634 3025 modo
663 2964 826 3055 propter
845 2946 1120 3028 confusionem
1139 2974 1277 3029 rerum

130 3138 136 3150 =
194 3106 236 3170 et
254 3091 480 3192 uerborum,
500 3095 645 3202 quibus
667 3081 726 3175 est
747 3113 916 3191 exarata,
930 3097 1176 3206 temporibus
1194 3096 1278 3178 illis
1387 3119 1392 3128 '

193 3235 367 3321 adversis
388 3242 666 3336 tribuendam,
692 3232 902 3324 sedetiam
922 3248 1017 3355 quia
1037 3251 1123 3354 ejus
1144 3275 1276 3327 exem-
1345 3274 1352 3299 ¹

131 3501 134 3507 ι
193 3387 319 3497 plaria
349 3392 392 3467 in
420 3408 529 3470 tanto
551 3392 776 3475 discrimine
798 3412 880 3477 tota
899 3397 998 3479 urbe
1019 3373 1276 3479 disseminata

193 3535 314 3617 trisse
333 3538 595 3644 judicandum
615 3560 684 3623 est.
704 3546 892 3628 Attamen
911 3575 1123 3663 censemus·
1139 3561 1275 3626 aucto·

197 3710 298 3778 rem,
323 3687 497 3768 Caesaris
519 3708 559 3770 et
581 3695 740 3774 Catonis
761 3698 838 3774 nisi
857 3697 976 3781 verba
999 3694 1168 3803 singula,
1191 3722 1277 3775 sen·

196 3837 340 3913 tentias
353 3818 493 3944 procul
507 3841 628 3924 dubio
643 3845 807 3928 intactas
822 3848 1042 3958 reliquisse,
1059 3845 1169 3957 quod
1182 3848 1276 3956 ipsis

224 4013 237 4056 t
259 3996 441 4077 Pag.to,1.
462 4002 507 4080 24.
