2888 4748
222 335 296 422 oJS
639 330 864 398 EPISTOLA
888 330 906 398 Ι

229 505 304 548 eum
328 481 449 546 interea
473 478 748 570 inportunissuma
771 502 886 569 genera
909 477 1076 545 bominum
1099 489 1147 544 tot
1169 479 1302 548 misero·

181 606 188 625 ·
228 613 302 655 rum
327 590 446 657 civium
463 588 617 676 sanguine
633 588 742 653 satiari
757 589 926 676 nequiere:
943 608 1008 651 non
1024 586 1093 652 orbi
1108 587 1218 670 liberi,
1233 612 1300 652 non

225 711 374 789 parentes
398 711 507 761 exacta
532 710 653 777 aetate,
676 719 740 760 non
761 696 896 783 gemitus
911 696 1076 776 virorum,
1098 695 1205 760 luctus
1229 718 1301 761 mu-

225 805 343 869 lierum
366 804 528 871 inmanem
551 825 662 868 eorum
679 802 821 866 animum
836 801 974 866 inflexit:
991 803 1084 891 quin,
1101 803 1246 867 acerbius
1262 803 1300 866 in

224 911 293 976 dies
318 913 403 976 mala
425 909 574 978 faciendo
607 933 645 978 ae
670 909 830 993 dicundo,
854 908 1007 998 dignitate
1028 909 1125 990 alios,
1149 909 1228 974 alios
1253 908 1299 974 ei-

225 1021 324 1088 vitate
348 1041 494 1084 eversum
517 1019 609 1085 irent

269 1127 310 1192 V.
336 1126 418 1189 Nam
433 1125 520 1214 quid:
534 1149 592 1215 ego
616 1124 656 1190 de
677 1139 708 1189 te
729 1123 849 1204 dicam,
874 1127 967 1208 eujus
990 1122 1217 1189 contumeliam
1239 1122 1297 1189 ho-

223 1234 327 1299 mines
351 1233 560 1322 ignavissumi
582 1233 648 1298 vita
670 1255 729 1298 sua
748 1247 934 1297 conmutare
949 1231 1078 1312 volunt,
1102 1232 1129 1296 si
1152 1232 1246 1296 liceat
1262 1235 1297 1295 ¹?

223 1341 336 1429 Neque
352 1341 416 1405 illis
440 1354 547 1404 tantae
568 1338 726 1429 voluptati
748 1353 797 1405 est
820 1339 971 1421 (tametsi
986 1338 1224 1429 insperantibus
1240 1338 1295 1404 ad·

222 1449 328 1530 cidit)
353 1446 545 1527 dominatio,
569 1461 689 1535 quanto
713 1447 850 1510 moerori
866 1460 922 1510 tua
938 1445 1094 1534 dignitas3
1110 1445 1188 1533 quin
1206 1460 1294 1534 opta·

221 1557 288 1620 tius
310 1552 445 1632 habent,
467 1576 505 1620 ex
528 1566 584 1617 tua
607 1552 784 1616 calamitate
807 1552 988 1640 perieulum
1006 1552 1158 1619 libertatis
1173 1551 1294 1635 facere,

221 1683 320 1749 quam
343 1674 454 1748 perte
476 1659 591 1753 populi
607 1659 746 1723 Romani·
768 1658 941 1748 imperium
965 1682 1150 1726 maxumum
1174 1682 1211 1727 ex
1226 1682 1293 1724 ma·

220 1791 285 1856 gno
308 1766 387 1835 fieri.
414 1768 487 1851 Quo
510 1767 611 1856 magis
635 1766 693 1831 tibi
709 1766 804 1831 etiam
820 1780 914 1854 atque
930 1766 1026 1831 etiam
1042 1767 1147 1832 animo
1167 1767 1293 1860 prospi-

220 1874 370 1939 ciendum
393 1887 456 1957 est,
480 1895 621 1962 quonam
644 1873 738 1937 modo
762 1896 830 1937 rem
854 1872 995 1937 stabilias
1018 1874 1290 1963 eommuniasque.

220 1981 303 2045 Mihi
320 1980 449 2069 quidem
464 2004 547 2069 quae
562 2001 651 2046 mens
667 1980 825 2070 subpetit,
842 1981 950 2068 eloqui
966 2003 1030 2044 non
1047 1980 1209 2046 dubitabo.
1228 1981 1292 2045 Ce-

217 2102 323 2156 terum
346 2089 394 2153 tui
418 2088 478 2152 erit
500 2088 622 2176 ingenii
644 2087 800 2177 probare,
816 2111 897 2175 quae
920 2111 995 2154 vera
1019 2101 1114 2175 atque
1134 2087 1228 2151 utilia
1244 2085 1290 2152 fa·

215 2209 270 2261 otu
295 2210 395 2285 putes.
421 2195 460 2261 ln
484 2194 563 2260 duas
586 2209 692 2284 partes
716 2217 774 2282 ego
799 2195 960 2261 civitatem
980 2194 1115 2259 divisam
1132 2193 1288 2275 arbitror,

220 2305 304 2372 sicut
328 2327 346 2367 a
370 2302 547 2386 majoribus
574 2303 696 2391 accepi,
712 2301 745 2365 in
762 2314 868 2392 patres
892 2315 923 2366 et
942 2302 1068 2403 plebem
1079 2307 1101 2364 ¹.
1125 2301 1230 2367 Antea
1251 2303 1287 2366 in

212 2411 358 2507 patribus
375 2433 498 2475 summa
514 2410 685 2474 auctoritas
702 2424 780 2489 erat,
789 2409 838 2476 vis
852 2409 953 2473 multo
969 2431 1116 2478 maxuma
1131 2410 1165 2472 in
1181 2408 1285 2498 plebe.

258 2517 316 2586 Vl,
342 2516 455 2606 Itaque
480 2517 606 2605 saepius
630 2516 665 2580 in
690 2516 817 2582 civitate
841 2517 978 2583 secessio
994 2516 1074 2581 tuit:
1096 2539 1287 2606 semperque

211 2624 388 2694 nobilitatis
405 2647 482 2714 opes
497 2622 678 2692 deminutae
695 2637 779 2704 sunt,
796 2637 827 2689 ot
842 2626 894 2706 jus
909 2622 1024 2714 populi
1043 2621 1283 2712 amplificatum.

175 2768 188 2794 ,2
213 2730 278 2794 Sed
301 2730 409 2824 plebes
433 2753 470 2795 eo
494 2731 593 2796 libere
617 2730 774 2820 agitabat3
799 2731 875 2820 quia
891 2731 1171 2820 nullius'potentia
1187 2753 1286 2821 super

213 2836 298 2926 leges
323 2843 434 2913 erat‘³;
457 2858 561 2924 neque
584 2837 704 2904 divitiis
727 2853 783 2905 aut
808 2837 974 2928 superbia,
1005 2838 1060 2903 sed
1090 2837 1283 2906 bonafama

111 2952 120 2970 ⁹
211 2941 368 3031 factisque
391 2943 527 3009 fortibus
552 2943 668 3010 nobilis
696 2944 870 3033 ignobilem
899 2945 1057 3012 anteibat:
1081 2944 1283 3011 humillimus

211 3050 351 3144 quisque
372 3049 407 3117 in
431 3050 515 3117 arvis
538 3065 595 3115 aut
617 3050 752 3130 militia,
782 3051 904 3116 nullius
923 3053 1075 3121 honestae
1097 3053 1145 3120 rei
1166 3075 1283 3141 egens,

210 3157 288 3226 satis
319 3156 380 3226 sibi
412 3157 552 3248 satisque
576 3159 698 3248 patriae
729 3171 803 3227 erat
848 3157 913 3224 Sed
940 3159 996 3227 uhi
1025 3181 1079 3224 eos
1113 3159 1283 3249 paullatim

211 3265 361 3354 expulsos
390 3264 492 3353 agris,
522 3265 637 3330 inertia
668 3280 764 3355 atque
792 3266 901 3359 inopia
925 3267 1062 3333 incertas
1090 3266 1201 3330 domos
1224 3266 1282 3331 ha-

210 3369 288 3439 bere
312 3369 456 3459 subegit:
481 3395 613 3461 coepere
629 3374 748 3437 alienas
765 3397 841 3462 opes
856 3387 980 3462 petere,
994 3372 1172 3441 libertatem
1188 3396 1282 3440 suam

209 3498 287 3546 cum
302 3477 481 3571 Republica
494 3480 639 3549 venalem
654 3468 778 3548 hahere.
796 3480 845 3545 lta
859 3481 1027 3575 paullatim
1047 3481 1205 3575 populus,
1222 3483 1280 3574 qui

231 3748 245 3786 i
267 3729 362 3792 Idest:
385 3734 521 3794 domines
543 3737 727 3809 ignavissimi
783 3734 801 3792 3
823 3735 910 3806 Quod
922 3737 1002 3796 aliter
1014 3739 1131 3806 sactum,
1144 3758 1210 3795 eum
1221 3761 1275 3816 po·

212 3811 302 3863 vitam
311 3811 726 3885 amittereparatisunt‚dum·
766 3825 825 3869 stea
852 3815 975 3890 quisque
997 3816 1210 3892 potentissimus
1240 3842 1277 3877 ex

209 3883 299 3942 modo
308 3884 363 3940 tibi
368 3885 725 3959 affiranteontumeliam.
765 3907 817 3944 sua
833 3888 963 3952 lubidine
979 3890 1055 3968 leges
1072 3890 1172 3969 figeret
1188 3909 1275 3971 atque

224 3975 252 4089 p)
268 3959 416 4091 Equestris
428 3960 499 4021 oido
509 3963 540 4021 in
550 3961 644 4041 plebis
655 3981 722 4039 par·
760 3965 901 4044 seligeret.

209 4041 288 4091 tius
311 4047 358 4093 uit.
443 4074 446 4083 ·
