2888 4748
491 315 566 386 ,att
594 319 629 384 Gt
655 313 904 384 GAESAREM
1185 328 1253 404 277

173 483 251 555 est,
271 463 312 539 st
333 467 478 539 hostibus
502 471 564 534 tela
588 469 622 531 in
647 491 760 532 manus
776 470 913 550 jaceret:
938 459 1066 553 quibus·
1079 461 1135 527 ille
1159 465 1256 529 rebus

186 579 429 672 Rempublicam
445 575 666 655 conturbavit,
681 574 800 640 eisdem
824 572 883 638 tibi
899 571 1094 637 restituenda
1110 585 1165 636 est.
1187 572 1258 635 Pri-

172 711 274 751 mum
297 687 442 752 omnium
466 704 622 748 summam
641 695 827 775 potestatem
846 677 1032 744 moderandi
1057 676 1098 742 de
1121 677 1259 767 vectiga-

184 793 288 874 libus,
303 791 480 870 sumtibus,
495 789 642 873 judiciis,
659 786 858 852 senatoribus
881 786 995 875 paucis
1019 783 1169 863 tradidit3
1192 785 1259 874 ple-

174 900 258 963 bem
274 900 462 975 Romanam,
481 898 573 977 cujus
590 909 682 959 antea
698 916 821 959 summa
835 908 976 982 potestas
986 907 1071 972 erat,
1087 914 1127 956 no
1145 892 1258 979 aequis

187 1005 316 1094 quidem
333 1003 456 1090 legibus
473 1002 505 1064 in
522 1001 673 1067 servitute
688 1001 826 1088 reliquit.
844 1001 865 1062 J
868 1000 977 1065 udicia
992 999 1155 1078 tametsi¹,
1174 999 1261 1089 sicut

187 1126 300 1190 antea,
316 1110 418 1173 tribus
443 1107 608 1173 ordinibus
630 1107 745 1171 tradita
769 1120 862 1171 sunt:
885 1120 990 1170 tamen
1011 1106 1107 1170 iidem
1136 1105 1267 1170 factiosi

186 1230 314 1305 regunt,
323 1215 411 1294 dant,
420 1213 566 1279 adimunt
582 1237 663 1302 quae
678 1215 778 1294 lubet,
788 1213 973 1280 innocentes
991 1213 1264 1292 circumveniunt,

186 1347 264 1387 suos
289 1321 329 1386 ad
351 1318 511 1386 honorem
530 1320 693 1386 extollunt.

235 1430 293 1494 lv.
319 1429 392 1493 Non
415 1427 559 1509 facinus,
583 1451 648 1492 non
671 1429 827 1517 probrum
855 1444 912 1495 aut
942 1429 1103 1518 flagitium
1135 1429 1261 1509 obstat,

190 1561 255 1626 quo
279 1535 385 1601 minus
409 1537 611 1628 magistratus
626 1537 772 1624 capiant:
790 1536 876 1626 quod
892 1529 1095 1601 commodum
1115 1551 1181 1616 est,
1196 1551 1263 1600 tra-

188 1644 290 1724 bunt,
313 1644 464 1732 rapiunt:
487 1658 664 1732 postremo,
687 1657 850 1731 tamquam
873 1644 953 1708 urbe
976 1659 1086 1734 capta,
1114 1643 1262 1708 lubidine

189 1770 228 1816 ac
249 1751 379 1815 licentia
403 1772 461 1814 sua
484 1773 542 1836 pro
565 1749 689 1836 legibus
708 1763 856 1813 utuntur.
883 1749 934 1812 Ac
958 1773 1009 1813 me
1040 1750 1170 1836 quidem
1196 1773 1261 1814 me-

190 1857 319 1922 diocris·
333 1857 426 1920 dolor
441 1869 570 1942 angeret
586 1854 613 1917 si
628 1855 745 1920 virtute
760 1868 884 1944 partam
899 1854 1068 1920 victoriam
1092 1878 1181 1920 more
1203 1879 1263 1921 suo

181 1987 248 2052 ,per
265 1963 429 2029 servitium
445 1974 632 2024 exercerent.
652 1960 715 2024 Sed
729 1960 875 2025 homines
891 1960 1105 2042 inertissumi,
1123 1985 1263 2051 quorum

191 2069 295 2132 omnis
318 2069 367 2133 vis
390 2067 555 2154 virtusque
570 2067 604 2128 in
620 2067 730 2155 lingua
746 2067 806 2132 sita
822 2081 884 2148 est,
907 2067 988 2133 forte
1010 2083 1106 2157 atque
1129 2070 1263 2134 alterius

191 2174 337 2239 socordia
370 2173 621 2238 dominationem
654 2174 793 2238 oblatam
821 2168 993 2240 insolentes
1024 2176 1152 2263 agitant.
1178 2175 1262 2241 Nam

184 2276 276 2368 ,quae
300 2281 414 2346 seditio
437 2304 474 2345 ac
499 2280 655 2350 dissensio
671 2281 774 2346 civilis
789 2296 837 2346 tot
852 2298 980 2370 tamque
995 2282 1145 2347 inlustres
1173 2281 1267 2345 fami«

191 2388 251 2452 lias
268 2387 307 2451 ab
323 2389 421 2477 stirpe
436 2387 645 2453 evertitlhut
661 2411 798 2479 quorum
816 2410 970 2476 umquam
985 2389 1119 2454 victoria
1136 2391 1265 2456 animus

187 2500 258 2559 'tarn
288 2517 441 2584 praeceps
471 2508 600 2580 tamque
629 2493 846 2558 inmoderatus
877 2493 964 2559 fuit?
995 2496 1031 2557 L.
1066 2495 1180 2575 Sulla,
1211 2495 1267 2560 cui

195 2601 303 2664 omnia
327 2600 361 2663 in
385 2599 519 2665 victoria
542 2599 611 2688 lege
638 2600 714 2663 belli
743 2599 923 2679 licuerunt,
950 2602 1075 2673 tametsi
1103 2602 1266 2690 supplicio

186 2707 335 2772 hostium
362 2721 468 2795 partes
498 2729 571 2771 suas
602 2704 721 2769 muniri
751 2706 972 2795 intellegebat3
1001 2721 1126 2789 tamen,
1149 2709 1269 2798 paucis

191 2812 389 2892 interfectis,
412 2827 535 2878 ceteros
558 2811 734 2894 beneficio,
756 2837 852 2902 quam
874 2828 961 2878 metu
980 2815 1117 2879 retinere
1140 2815 1264 2880 maluit,

188 2921 239 3003 ,At
261 2920 391 2989 hercule
412 2943 502 3008 'nunc
518 2943 592 2985 eum
610 2921 750 3001 Catone,
768 2921 808 2984 L,
823 2920 968 2986 Domitio
984 2921 1161 3009 ceterisque
1179 2925 1265 3004 ejus·
1349 2957 1357 2972 ·

194 3028 267 3093 dem
291 3027 438 3093 factionis
453 3043 482 3109 ¹,
519 3025 729 3116 quadraginta
759 3041 944 3106 senatores,
975 3027 1072 3090 multi·
1097 3041 1264 3116 praeterea

196 3156 271 3199 cum
294 3158 351 3224 spe
374 3136 458 3201 hona
482 3133 715 3223 adolescentes,
738 3134 833 3199 sicuti
855 3130 994 3213 hostiae,
1017 3132 1147 3198 mactati
1171 3147 1267 3216 sunt:

218 3335 229 3370 r
253 3313 360 3370 Caesar
371 3312 478 3386 judicia
491 3313 527 3369 ad
540 3314 597 3369 duo
610 3331 716 3390 genera
754 3322 909 3376 senatores,
920 3312 971 3388 q'ni
981 3319 1049 3370 rhox
1060 3323 1268 3383 memorantur,

194 3389 325 3466 judicum
340 3386 464 3462 redegit,
477 3394 625 3464 equestris
638 3389 715 3444 ordi·
753 3388 894 3445 interfecti
906 3404 980 3446 sunt.
993 3391 1082 3446 Extra
1093 3389 1203 3445 bellum
1219 3403 1268 3445 oe-

194 3466 240 3522 nis
252 3485 284 3520 ac
295 3467 443 3519 senatorii
450 3487 458 3516 :
476 3465 613 3520 tribunos
625 3484 715 3520 aera·
754 3463 805 3518 cisi
816 3464 933 3520 fuerunt
950 3466 1085 3521 Afranius
1096 3465 1221 3542 Faustus
1238 3477 1270 3521 et

195 3545 270 3604 rios,
283 3536 364 3613 quod
375 3551 436 3593 erat
447 3540 576 3605 tertium,
589 3534 711 3596 stratuli't.
750 3537 781 3594 L.
795 3539 911 3599 Caesar.
924 3536 984 3597 Illis
997 3553 1092 3596 tamen
1112 3538 1249 3595 coedibus
1260 3580 1271 3609 ,·

196 3619 323 3670 -Svet
336 3618 369 3670 in
380 3615 439 3669 Jut.
455 3616 539 3671 Caes.
553 3635 577 3670 c.
590 3613 636 3686 41.
749 3615 779 3670 in
803 3616 845 3671 uit
863 3629 973 3682 auctor,
995 3615 1121 3677 contenti
1143 3632 1203 3670 esse
1220 3613 1271 3671 dea

215 3708 232 3746 2
247 3691 320 3745 Cato
333 3704 360 3747 et
372 3689 515 3745 Domitius
527 3711 648 3766 magnae
660 3711 711 3747 au·
751 3635 1000 3747 bebanthomines
1008 3688 1049 3744 illi
1061 3690 1204 3757 crudeles,
1217 3691 1271 3766 qui

195 3765 337 3820 'ctoritatis
346 3765 400 3822 viri
409 3764 439 3819 in
448 3765 581 3841 partibus
590 3766 714 3853 Pompe·
751 3760 939 3841 Reipublicae
963 3765 1053 3821 otium
1070 3775 1130 3822 non
1149 3767 1269 3843 permit·

198 3840 286 3916 janis:
299 3840 347 3896 ille
357 3841 458 3896 Uticae
470 3840 523 3898 sibi
536 3853 657 3896 mortem
669 3861 714 3896 rn-
742 3846 826 3896 tunt.
837 3840 968 3897 Caelium
979 3841 1070 3916 tangit
1080 3855 1108 3898 et
1118 3840 1207 3917 hujus
1220 3855 1268 3918 ge-

199 3913 282 3981 tulit,
293 3913 341 3970 bic
353 3915 389 3970 ad
401 3916 571 3987 Pharsalum
587 3916 617 3971 in
629 3936 715 3992 proe-
752 3915 915 3982 nerisalios,
924 3916 1271 3997 quaternae-saeviebant,

198 3987 238 4047 tio
251 3990 363 4065 cecidit,
371 3991 423 4051 uhi
431 3994 515 4051 etiarn
526 3992 715 4071 quadraginta
754 4011 821 4053 curn
833 3993 939 4057 (laetat
950 3991 1054 4055 absens
1064 4007 1159 4077 estro·
