2888 4748
337 320 660 391 HISTORIARUM
684 317 970 387 FRAGMENTA
1132 329 1197 416 267

128 478 205 558 44ι.
232 476 445 565 Amisumque
461 473 600 540 obsideri
616 472 685 538 siue
701 472 830 562 praeliis
848 472 1003 538 audiebat.
1018 480 1106 539 Acus.
1117 483 1195 548 Mer.
1276 548 1284 570 x
1324 494 1331 505 “

193 601 294 646 Lucullus
304 602 442 657 &premium
453 597 644 652 seriisexpugust.

126 693 203 772 442.
230 697 340 762 Scalas
357 717 448 784 pares
464 692 627 756 maenium
643 691 818 791 altitudine.
837 695 922 756 Serv.
939 691 972 754 in
993 692 1073 780 thrg·
1090 697 1167 757 Bm,

192 819 293 864 Lucullus
304 819 407 862 ruiturus
419 816 446 860 ud
459 815 622 872 expugnandum
633 814 739 860 summ.

132 911 207 991 443.
232 912 420 977 Paullulum
435 910 587 998 requietis
603 910 766 974 militibus.
784 910 830 973 Id.
849 909 929 973 Ibid.

191 1032 290 1078 smtnnt
302 1034 384 1074 ubemur
394 1031 457 1075 urba.

129 1121 204 1199 444.
230 1123 274 1186 At
289 1121 348 1200 illi,
365 1121 481 1208 quibus
496 1119 580 1186 vires
597 1120 738 1200 aderant,
762 1143 855 1184 ruere
881 1119 988 1185 cuncti
1016 1119 1056 1184 ad
1077 1133 1197 1209 portas,

197 1227 360 1293 incondita
376 1241 491 1292 tencre.
510 1229 609 1291 Idem.

193 1346 255 1392 raas.

131 1435 206 1513 445.
235 1424 421 1502 Succedcrc.
440 1437 487 1500 Id.
504 1436 633 1501 Aeneid.
651 1437 704 1501 lib.
725 1440 755 1501 8.

189 1555 258 1600 Sosiis
270 1559 324 1601 muri
337 1567 420 1613 purtem
433 1557 547 1602 succedere
562 1558 654 1601 Romani
667 1559 689 1600 iu
702 1560 861 1615 expugnatione
873 1554 983 1603 Animus.

129 1647 204 1725 446.
231 1648 378 1736 Speciem
394 1664 503 1739 captae
519 1650 608 1715 urbis
625 1651 757 1715 effecere
774 1651 981 1716 discedentes.
1008 1646 1056 1713 Id.
1073 1649 1154 1724 thid,

189 1768 316 1813 Cleocbsres
329 1779 350 1814 et
363 1770 462 1813 Seleucus
472 1768 604 1814 discedentes
614 1778 629 1815 ι’
638 1771 726 1827 Sinope.
799 1782 802 1786 ’

128 1859 203 1950 447.
229 1861 340 1954 Neque
357 1861 524 1941 subsidiis,
540 1862 589 1925 uti
605 1860 744 1927 soluerat
759 1861 952 1948 compositis.
970 1864 1070 1926 Prisc.
1088 1860 1141 1926 tit.
1161 1887 1195 1948 9,

195 1993 264 2053 cap.
282 1967 320 2029 de
336 1968 478 2031 secunda
494 1970 576 2050 conj.

188 2089 260 2133 Urbes
273 2088 337 2132 Asiae
348 2088 471 2132 foenoribus
483 2101 509 2133 rc
520 2088 609 2133 tributis
622 2089 768 2134 ei’oblicauis
779 2097 875 2135 vexetur.

580 2241 696 2301 LIBER
717 2242 755 2303 V.

129 2414 204 2498 448.
229 2418 381 2483 Paetionc
398 2419 514 2483 amisso
530 2417 648 2482 Publio
664 2419 778 2505 legato.
798 2423 912 2481 Donat.
929 2419 962 2480 in
978 2416 1156 2481 Phormion.

86 2573 89 2584 .
188 2538 213 2582 P.
226 2535 285 2592 App.
298 2537 386 2582 Clodius
397 2538 490 2582 Pulcher
503 2537 530 2580 ud
541 2538 659 2609 Tigranem
671 2551 683 2580 s
694 2537 785 2580 Lucullo
796 2538 878 2581 missus.

130 2625 205 2724 449.
232 2629 358 2692 Liberis
374 2632 444 2712 ejus
460 2629 638 2694 avunculus
655 2641 729 2697 erat.
746 2627 794 2690 Id.
812 2627 892 2690 Ibid.

188 2744 273 2802 Appius
285 2746 371 2791 Clodius
384 2745 459 2792 liberie
469 2748 495 2795 Β.
509 2747 593 2790 Luculli
603 2754 625 2790 et
633 2744 732 2792 Clodios.

128 2836 204 2914 450.
223 2838 412 2904 Tetrarchae
429 2862 581 2927 regesque
595 2840 720 2904 territos
737 2838 833 2905 animi
852 2835 997 2904 firmavit.
1012 2841 1102 2902 drus.
1114 2841 1191 2901 Mes.

189 2957 248 3002 idem
261 2970 309 3002 eum
322 2958 450 3006 Antiochino
462 2960 558 3016 degeret,

127 3045 203 3126 451.
221 3049 365 3115 Insolens
382 3074 456 3116 vera
472 3050 663 3140 accipiundi.
681 3057 823 3114 Donatus
841 3053 874 3113 in
892 3049 986 3112 Andr.

188 3167 295 3223 rigenses
308 3179 396 3227 recepto
406 3172 488 3226 primae
498 3169 566 3215 cludis
576 3173 662 3219 nautio·

129 3255 206 3335 fia.
234 3261 339 3341 Quam
357 3263 513 3327 maxumis
542 3262 710 3336 itineribus
733 3284 790 3349 per
810 3281 943 3347 regnum
969 3254 1192 3322 Ariobarzanis

198 3367 362 3430 contendit
378 3367 418 3432 ad
433 3367 552 3434 flumen
576 3366 790 3456 Euphratem3
814 3367 930 3455 quain
953 3379 1042 3455 parte
1068 3364 1192 3453 Cappa·

196 3471 290 3536 decia
307 3472 345 3538 ab
356 3470 509 3539 Armenia
525 3473 731 3561 disjungitur3
747 3490 778 3538 et
794 3497 976 3564 quanquam
992 3473 1032 3560 ad
1047 3471 1080 3535 id
1094 3493 1191 3535 naves

192 3578 370 3644 codicariae
393 3581 517 3647 occulto
540 3605 598 3670 per
620 3581 757 3649 hiemem
780 3582 951 3650 fabricatae
973 3579 1110 3644 aderant.
1127 3582 1190 3640 lilo-

193 3687 266 3748 nius
284 3687 429 3751 Marcell.

184 3805 269 3850 Luculli
280 3813 302 3850 et
313 3807 424 3863 legionum
436 3807 478 3853 iter
489 3807 513 3851 ir
525 3806 659 3856 bruceium.

60 3926 62 3930 ·
130 3893 205 3974 453.
234 3896 324 3962 Solas
341 3896 498 3962 festinare.
516 3903 599 3963 Serv.
617 3903 745 3969 Aeneid.
762 3901 817 3966 lid.
837 3924 887 3965 ra.
909 3963 911 3967 .

185 4015 313 4073 Gordyeuse
323 4019 386 4066 urbes
396 4021 455 4068 scire
464 4019 568 4066 tertium
578 4022 658 4070 scritta
669 4023 759 4070 Lucullo
769 4021 913 4080 suppeditare.
