2888 4748
251 324 317 398 ‘AD
343 322 560 396 ARSACEM
581 319 1055 402 REGEM'PARTHORUM
1153 356 1219 431 217

149 487 296 562 mortim,
312 480 492 569 diripuere,
508 499 582 542 cum
596 475 681 554 filins
697 477 824 560 Nusae,
839 502 937 568 quam
951 482 1094 585 reginam
1110 484 1217 574 appel·

152 590 313 667 laverant,
329 587 454 676 genitus
470 583 557 647 haud
573 582 667 649 dubie
684 598 773 650 esset.

197 696 254 760 IV.
279 694 361 758 Nam
377 690 455 781 quid
471 713 528 778 ego
544 712 595 754 me
609 691 767 780 adpellem
782 694 816 755 ¹?
831 714 927 780 quem
946 694 1144 780 disjunctum
1160 719 1219 762 un·

78 830 82 834 ’
147 802 249 891 dique
273 800 381 888 regnis
403 803 445 863 et'
457 797 636 862 tetrarchiis
658 799 698 861 ab
721 798 857 887 imperio
882 823 1010 882 eorum,
1035 803 1111 891 quia
1134 802 1219 868 fama

151 923 238 988 erat,
253 907 384 973 divitem
400 928 503 993 neque
520 904 711 991 serviturum
731 928 818 985 esse,
840 929 899 995 per
914 907 1120 974 Nicomedem
1134 909 1219 974 bello

150 1015 400 1093 lacessiverunt,
421 1012 548 1076 sceleris
573 1033 685 1076 eorum
704 1011 793 1077 haud
814 1013 981 1100 ignarum,
1005 1029 1037 1079 et
1058 1039 1114 1096 ea,
1137 1039 1221 1105 quae

150 1122 315 1201 accidere,
331 1133 481 1186 testatum
501 1132 612 1197 antea,
636 1118 804 1183 Cretenses
827 1119 912 1185 solos
936 1121 1080 1186 omnium
1102 1123 1221 1189 liberos

153 1252 191 1294 ea
206 1240 406 1318 tempestate,
423 1239 454 1290 et
469 1248 575 1313 regem
590 1225 817 1290 Ptolemaeum.
836 1225 943 1316 Atque
959 1250 1016 1317 ego
1032 1229 1120 1294 ultus
1134 1231 1222 1313 inju-

150 1337 231 1415 rias,
247 1333 452 1400 Nicomedem
465 1331 621 1421 Bithynia
643 1333 751 1422 expuli
763 1330 969 1424 Asiamque,
982 1336 1121 1426 spolium
1137 1338 1221 1428 regis

151 1428 326 1523 Antiochi,
340 1441 447 1531 recepi
464 1454 496 1504 et
511 1440 665 1505 Graeciae
680 1439 782 1504 demsi
801 1464 896 1528 grave
917 1443 1090 1510 servitium.
1108 1444 1220 1512 I'neoe·

81 1576 83 1581 ·
149 1565 207 1640 pta
221 1573 291 1613 mea
306 1563 486 1638 postremus
502 1570 668 1621 servorum
684 1536 862 1612 Archelaus
877 1553 907 1628 ',
924 1550 1065 1615 exercitu
1080 1553 1222 1642 predita,

79 1698 81 1704 ·
150 1657 337 1748 impedivit:
360 1656 491 1744 illique,
515 1678 596 1743 quos
618 1654 745 1741 ignavia
768 1669 823 1719 aut
849 1678 948 1744 prava
972 1657 1150 1742 calliditas,
1172 1661 1223 1725 uti

153 1765 234 1830 meis
257 1763 420 1830 laboribus
443 1761 504 1826 tuti
529 1773 651 1838 essent,
673 1760 769 1825 armis
793 1761 965 1843 abstinuit,
989 1766 1223 1833 acerbissumas

153 1895 274 1963 poenas
290 1871 427 1938 solvunt.
445 1866 647 1932 Ptolemaeus
662 1866 765 1954 pretio
781 1867 865 1931 diem
884 1868 961 1932 belli
979 1872 1125 1961 prolatat¹
1145 1875 1224 1940 Cro·

127 2000 130 2004 ‘
155 1995 260 2044 tenses
275 1974 443 2065 inpugnati
459 1973 556 2037 semel
571 1976 647 2057 jam,
663 1995 766 2062 neque
781 1971 889 2054 finem,
899 1976 961 2041 nisi
978 1979 1117 2046 exscidia
1132 1980 1224 2046 hahi-

155 2085 229 2150 turi.
247 2082 406 2171 Equidem
422 2102 496 2145 cum
518 2078 598 2144 mihi
620 2080 661 2144 ob
685 2079 829 2169 ipsorum
855 2082 981 2149 interna
1003 2086 1086 2151 mala
1101 2092 1112 2130 ³
1127 2087 1224 2155 dilata

154 2190 278 2283 proelia
291 2189 302 2229 ⁴
317 2190 435 2278 magis,
450 2212 547 2278 quam
563 2211 676 2278 pacem
692 2187 798 2253 datam
813 2190 1048 2282 intellegerem
1064 2188 1223 2262 abnuente

150 2300 307 2388 Tigrane,
323 2298 465 2388 quirnea
480 2296 564 2362 dicta
580 2320 650 2362 sero
665 2297 790 2386 probat,
800 2313 830 2363 te
846 2315 966 2364 remoto
981 2302 1106 2391 procul,
1122 2304 1222 2368 omni-

152 2407 215 2474 bus
231 2409 302 2472 aliis
320 2405 485 2486 obnoxiis,
500 2429 611 2470 rursus
627 2419 733 2469 tamen
748 2405 868 2471 bellum
884 2409 995 2497 coepi:
1011 2410 1228 2500 Marcumque·

161 2516 317 2581 Cottam⁵
343 2515 525 2578 Romanum
547 2513 662 2579 ducem
683 2512 770 2602 apud
795 2513 1000 2582 Chalcedona
1023 2531 1106 2584 terra
1132 2518 1223 2586 sudi:

153 2623 237 2707 mari,
253 2622 342 2688 exsui
358 2623 458 2688 classe
473 2621 708 2712 pulcherruma.

162 2771 166 2778 =
197 2731 239 2800 V.
265 2730 368 2820 Apud
394 2730 550 2820 Cyzicum
573 2753 687 2820 magno
712 2753 787 2797 eum
809 2733 970 2815 exercitu,
999 2733 1033 2799 in
1058 2734 1224 2803 obsidione

150 2839 290 2905 moranti
312 2838 510 2912 frumentum
534 2836 657 2918 defuit,
680 2839 770 2905 nullo
795 2840 1099 2908 circumadnitente:
1128 2843 1224 2909 simul

150 2948 253 3012 hiems
269 2946 350 3011 mari
365 2945 564 3036 prohibebat.
581 2945 639 3011 Ita¹
652 2946 720 3012 sine
735 2947 768 3012 vi
788 2947 930 3016 hostium
949 2949 1075 3039 regredi
1095 2965 1223 3016 coactus

151 3055 186 3118 in
200 3055 513 3144 patriumregnum,
534 3053 708 3143 naufragiis
733 3055 820 3146 apud
841 3057 957 3122 Parem
982 3072 1014 3123 et
1036 3059 1227 3123 Heracleam

152 3163 291 3229 militum
322 3177 474 3251 optumos
506 3185 581 3228 cum
612 3162 767 3230 elassibus
797 3163 898 3231 amisi.
922 3163 1085 3231 Restituto
1108 3164 1223 3231 deinde

174 3363 186 3398 1
211 3348 296 3399 Inter
325 3363 387 3409 eos,
415 3345 521 3420 quibus
541 3346 669 3401 Romani
705 3349 799 3401 riuum
810 3345 949 3421 pag-184,
961 3345 979 3403 l.
996 3353 1067 3404 18et
1079 3366 1136 3422 seq.

152 3423 261 3494 injuste
282 3420 389 3475 bellum
409 3420 543 3475 intulere.
725 3420 742 3476 3
763 3421 958 3478 Romanorum
971 3423 1085 3490 scilieet,
1098 3422 1148 3497 qui
1160 3420 1222 3479 bel·

173 3516 189 3552 a
202 3494 457 3559 Postremus‚idest
466 3495 667 3570 nequissimus.
706 3496 736 3552 lo
757 3497 831 3555 civili
850 3498 925 3554 inter
937 3498 1060 3554 Marium
1072 3510 1100 3555 et
1112 3495 1222 3553 Sullam

153 3571 311 3631 Archelaus
336 3569 508 3627 Mithridatis
528 3571 589 3627 dux
609 3591 669 3628 non
707 3572 908 3630 caedebantur.

153 3648 240 3706 modo
261 3649 357 3723 copias
377 3647 469 3705 alieno
485 3646 549 3704 loco
568 3659 667 3705 contra
724 3647 743 3720 4
764 3648 851 3718 Quod
863 3648 951 3716 Sulla,
961 3648 1052 3705 hostis
1061 3646 1228 3707 declaratus·

155 3725 264 3782 Sullam
273 3725 456 3792 instruxerat,
467 3744 568 3781 verum
581 3723 666 3779 etiam
704 3746 720 3780 a
734 3725 826 3780 Cinna
839 3739 867 3782 et
877 3725 983 3793 Mario,
996 3725 1032 3780 ad
1042 3744 1142 3801 pacem
1155 3737 1222 3780 turn

153 3802 184 3856 in
204 3800 282 3875 pacis
305 3798 515 3856 conditionibus
542 3800 666 3856 multum
703 3799 868 3861 Mithridate
882 3800 988 3874 quibus
1009 3799 1221 3858 conditionibus

155 3878 251 3935 Sullae
264 3888 456 3934 concesserat:
477 3873 544 3931 inde
556 3876 668 3932 Mithri·
706 3875 801 3952 potuit
822 3876 973 3934 festinavit.

155 3952 219 4010 dati
227 3965 373 4030 suspectus
385 3951 421 4008 ad
432 3952 577 4008 Romanos
589 3965 668 4008 tran·
725 3952 743 4009 5
763 3951 836 4011 Vide
858 3952 1072 4027 Compendium
1090 3955 1219 4020 Histori-

155 4029 287 4108 ssugerat.
300 4029 335 4111 V,
349 4028 559 4115 Compendium
567 4031 668 4094 Histoe
706 4049 771 4090 eum
791 4050 855 4107 pag.
880 4027 944 4102 185,
963 4028 981 4088 l.
1007 4050 1038 4108 ¹7
1060 4041 1088 4089 et
1108 4049 1165 4107 seq.
