2888 4748
332 345 653 416 HISTORIARUM
677 347 961 419 FRAGMENTA
1124 357 1190 447 ²59

124 504 201 570 351.
226 500 322 566 Unde
341 500 394 566 hic
414 502 488 567 tulit
507 501 661 583 colorem,
684 525 758 566 nam
780 504 919 592 speciem
941 502 1041 570 efficit
1071 502 1192 598 Scytiei

195 634 295 674 arcus.
314 613 397 674 Serv.
415 608 544 671 Aeneid.
562 608 616 670 iit.
635 610 666 672 3.

189 717 267 760 Forma
278 717 372 772 riparum
383 715 461 759 Euxini
473 722 494 757 et
505 714 575 758 undae
586 715 647 760 ootor
657 716 775 762 ethereeoe.

127 810 201 876 352.
228 810 407 874 crebritate
423 808 591 893 fluctuum,
606 823 643 875 ut
658 809 778 899 Aquilo
794 808 881 876 solet.
897 810 945 874 ld.
961 775 1016 876 tii.
1038 835 1065 875 ι.

187 935 275 978 Fluctus
288 935 466 976 increbrescentre
479 933 502 974 in
513 932 606 979 Eurino.

126 1028 201 1091 353.
229 1025 363 1112 Triplici
379 1023 488 1086 fluctu.
506 1024 587 1105 ibid.

187 1143 271 1186 Tertius
283 1143 359 1185 flnctus
371 1141 518 1196 periculosior.

125 1235 201 1312 354.
227 1235 338 1323 Ipsum
354 1257 439 1298 mare
456 1234 626 1329 Ponticum
641 1235 779 1318 dulcius,
796 1220 891 1327 quam
907 1251 1037 1304 caetera.
1049 1239 1190 1304 Macroh.

196 1345 326 1404 Saturn.

186 1448 309 1503 Descriptio
321 1449 383 1492 Ponti
394 1449 473 1493 Euxini
485 1450 574 1505 physice
586 1459 606 1496 et
618 1452 749 1506 geogrrfiee.

126 1539 202 1604 355.
229 1542 300 1624 Qua
316 1557 501 1631 tempestate
517 1565 533 1606 e
550 1543 652 1608 Ponto
668 1545 716 1611 vis
731 1543 870 1632 piscium
884 1544 997 1635 erupit.
1020 1549 1104 1621 Serv.
1126 1550 1184 1622 Ae·

193 1647 277 1710 neid.
295 1648 349 1710 lib,
368 1646 397 1724 4.

186 1753 328 1797 Thurinorum
342 1754 472 1798 abundantia
484 1754 507 1796 in
519 1755 612 1800 Euxino.

127 1844 201 1910 356.
227 1847 372 1934 Namque
395 1845 535 1934 primurn
556 1847 707 1909 Jasonem
728 1869 811 1912 novo
827 1845 940 1911 itinere
955 1847 1051 1913 maris
1073 1845 1195 1913 Aeetae

193 1951 329 2040 hospitis
345 1951 474 2014 domum
490 1951 633 2015 violasse.
650 1955 805 2016 Priscian.
822 1954 861 2017 cie
879 1977 962 2016 nom.

189 2070 363 2128 Argonautarum
374 2073 483 2127 navigatio
495 2072 518 2114 in
530 2071 623 2118 Euxino.

129 2166 203 2255 357.
230 2166 356 2254 Igitur
347 2180 502 2229 introrsus
517 2164 621 2254 prima
638 2164 734 2230 Asiae
744 2166 796 2229 Bit
784 2165 895 2254 thynia
911 2181 957 2232 est
973 2167 1083 2232 multis
1100 2181 1194 2234 antee

195 2272 378 2336 nominibus
401 2271 579 2360 appellata3
595 2295 668 2336 nam
689 2273 779 2361 prius
802 2274 931 2361 Berytia
951 2275 1053 2353 dicta,
1075 2272 1192 2338 deinde

169 2370 382 2468 Mygdonia,
391 2377 651 2464 moxaBithynio
667 2401 739 2465 rege
750 2376 901 2466 Bithynia
910 2393 1102 2471 nuncupata
1113 2380 1191 2468 Ipsa

152 2482 566 2572 estetmajorl’hrygia.
584 2485 658 2548 leid
676 2485 730 2547 tib.
676 2483 890 2610 l2A›⁶⁰i'·
909 2486 938 2548 3.

189 2607 433 2663 Duoriptioregionum
445 2606 500 2649 nun
493 2605 576 2649 moedi
577 2608 692 2650 eirncentu

126 2700 204 2764 358.
230 2700 269 2762 In
286 2699 504 2789 Paphlagonia
521 2701 634 2764 Teium
655 2699 817 2790 oppidum.
840 2703 952 2766 Acron.
972 2715 1004 2766 et
1020 2699 1136 2786 Pcrpir.
1154 2699 1189 2767 iu

198 2811 308 2870 Horat.
328 2807 382 2870 Od.
405 2831 429 2869 1.

189 2913 249 2959 rard.

123 2988 203 3078 359.
229 2989 314 3054 Dein
337 2990 442 3081 campi
467 2989 695 3080 Themiscyrii,
711 3014 792 3080 quoa
813 2989 954 3056 habuere
970 2989 1154 3056 Amazones
1176 3011 1198 3057 a

196 3099 298 3161 Tanai
323 3097 454 3164 flumine
476 3099 633 3166 incertum
656 3099 862 3187 quamobrem
877 3098 1045 3187 digressae.
1063 3100 1193 3166 Servius

196 3203 327 3265 Aeneid.
344 3205 398 3269 lib.
420 3229 468 3267 ιι.

183 3308 308 3364 'Descriptio
318 3317 400 3352 trecens
410 3309 438 3352 ad
447 3311 517 3364 ripam
529 3309 690 3356 meridionalem
701 3311 773 3356 eonii.

129 3402 203 3486 360.
229 3401 373 3490 Namque
398 3402 541 3466 omnium
564 3404 751 3485 ferocissimi
768 3402 808 3467 ad
830 3400 892 3470 hoe
914 3416 1040 3495 tempus
1065 3402 1190 3470 Achaei

194 3524 290 3597 atque
300 3509 401 3573 Tauri
420 3521 505 3589 suni,
515 3510 610 3598 quod,
627 3518 782 3600 quantum
797 3512 947 3595 conjicio,
963 3514 1107 3576 locorum
1123 3533 1202 3599 ege*

134 3604 137 3608 Δ
196 3630 277 3680 state
292 3630 383 3705 rapto
398 3616 504 3682 vivere
521 3617 630 3682 coacti.
651 3625 715 3683 Vct.
733 3619 839 3684 Sciat.
856 3623 966 3684 Jnven.
984 3623 1052 3683 Sat.
1074 3618 1122 3683 15.

188 3739 259 3785 liores
270 3741 366 3795 gentium
378 3739 462 3783 Euxino
471 3753 496 3782 ιο
508 3739 583 3784 erran
594 3741 723 3788 vicinarum.

127 3836 204 3900 361.
222 3838 340 3901 Omnes
357 3836 413 3926 qui
428 3835 636 3920 circumeunt,
651 3837 851 3928 praeminent
865 3833 1034 3907 altitudine
1049 3833 1192 3914 millium,

195 3966 349 4031 passuum
366 3944 511 4009 duorum.
529 3948 618 4008 Arne.
638 3951 729 4010 Meas.

188 4051 284 4097 (tetriore
294 4051 382 4100 Comaei
392 4055 454 4111 ingr,
466 4067 520 4113 queo
530 4052 624 4114 Riphaei
634 4061 718 4102 noum
729 4051 840 4102 inmm.
870 4044 872 4049 ¹
