2888 4748
183 456 1250 512 Η

183 505 1251 536 W

519 706 917 847 errsrom‘r

295 974 298 980 ’
396 936 1048 1095 inaestimatam

581 1199 633 1256 DE
653 1194 870 1255 REPUBLICA

630 1387 812 1433 ornrrlttnt

232 1644 256 1710 l.
282 1601 379 1716 Sao
406 1666 484 1734 ego,
514 1666 611 1733 quam
632 1640 764 1708 difficile
789 1655 884 1731 atque
907 1665 1057 1734 asperum
1086 1636 1174 1706 factu
1206 1635 1261 1722 sit,

185 1753 364 1844 eonsilium
384 1750 459 1816 dare
489 1752 556 1836 regi
587 1763 643 1812 aut
671 1749 880 1837 imperatori:
910 1763 1071 1838 postremo
1105 1748 1259 1836 cuiqt'iam

185 1860 331 1938 mortali,
355 1860 449 1941 eujus
475 1878 551 1943 opes
574 1853 608 1917 in
634 1854 757 1917 excelso
778 1868 871 1918 sunt:
897 1855 1018 1943 quippe
1041 1857 1116 1919 eum
1143 1867 1172 1916 et
1196 1853 1261 1918 illia

186 1965 408 2030 consultorum
424 1961 536 2050 copias
551 1958 674 2039 adsint,
690 1980 794 2048 neque
811 1957 850 2023 de
869 1958 980 2024 futuro
997 1959 1169 2048 quisquam
1186 1959 1261 2022 satis

170 2068 324 2136 'callidus
348 2051 488 2156 satisque
512 2067 655 2157 prudens
679 2066 727 2130 sit.
754 2065 842 2150 Quin
859 2064 955 2130 etiam
971 2088 1066 2156 saepe
1082 2088 1180 2155 prava
1197 2086 1262 2127 ma·
1334 2125 1337 2130 .

184 2177 253 2265 gis,
270 2198 366 2264 quam
380 2175 464 2239 bona
480 2173 613 2241 consilia
628 2193 784 2264 prospere
804 2170 975 2240 eveniuntt
998 2173 1074 2263 quia
1093 2172 1262 2261 plerasque

186 2306 237 2348 res
261 2283 389 2348 fortuna
413 2306 450 2347 ex
474 2281 619 2347 lubidine
644 2305 702 2348 sua
727 2282 833 2368 agitat.
858 2280 923 2344 Sed
940 2278 1020 2344 mihi
1036 2277 1178 2352 studium
1201 2277 1262 2342 fuit

187 2388 425 2454 adolescentulo
442 2387 892 2478 Rempuhlicameapesssre:
910 2401 1005 2475 atque
1028 2384 1061 2449 in
1087 2408 1123 2450 ea
1147 2408 1262 2472 cogno·

188 2496 303 2562 soenda
320 2497 454 2560 multam
473 2517 685 2583 magnamque
710 2515 821 2558 euram
836 2493 952 2558 habui:
969 2516 1034 2557 non
1056 2493 1117 2572 ita,
1133 2493 1181 2555 uti
1197 2515 1262 2556 ma·

187 2603 355 2692 gistratum
378 2601 472 2667 modo
497 2624 664 2691 caperem,
687 2622 783 2690 quem
799 2601 894 2665 multi
909 2598 1001 2665 malis
1017 2600 1138 2665 artibus
1155 2598 1262 2689 adepti

188 2724 300 2775 erant:
324 2708 380 2773 sed
404 2709 499 2773 etiam
521 2709 570 2773 uti
586 2709 833 2798 Rempublieam
856 2708 963 2788 domi,
987 2707 1138 2787 militiae,
1163 2729 1263 2795 quan·

186 2831 320 2906 tumque
344 2816 457 2897 armis,
481 2815 576 2897 viris,
601 2815 765 2906 opulentia
780 2827 905 2906 posset,
922 2816 1086 2904 cognitum
1101 2811 1260 2878 haberem.

187 2925 301 3013 Itaque
324 2922 405 2988 mihi
428 2922 529 2989 multa
554 2946 628 2989 eum
653 2924 762 2988 animo
787 2924 920 3013 agitanti
936 2921 1107 2988 eonsilium
1122 2920 1202 3001 fuit,
1217 2921 1262 2985 fa-

186 3054 271 3096 mam
292 3014 547 3121 modestiamque
570 3055 674 3098 meam
697 3046 771 3122 post
794 3043 884 3097 tuam
913 3027 1100 3120 dignitatem
1126 3026 1277 3109 haberes

112 3215 115 3218 Α
187 3151 219 3201 et
242 3141 335 3219 cujus
359 3137 405 3203 rei
429 3139 517 3205 lubet
541 3140 722 3230 periculum
745 3136 868 3219 facere,
892 3136 970 3202 dum
994 3135 1073 3226 quid
1088 3135 1146 3200 tihi
1170 3157 1209 3198 ex
1223 3158 1261 3200 eo

188 3240 312 3331 gloriae
328 3240 503 3309 adsederet.
520 3246 623 3333 idque
639 3269 704 3311 non
720 3259 838 3314 temere
853 3264 862 3288 ¹
878 3264 981 3333 neque
1002 3269 1039 3308 ex
1062 3243 1191 3309 fortuna
1206 3256 1262 3308 tua

189 3350 337 3426 decrevi3
361 3346 417 3414 sed
433 3351 509 3438 quia
525 3350 559 3414 in
575 3367 624 3431 te,
640 3366 765 3442 praeter
789 3366 927 3433 ceteras,
947 3367 1047 3417 artem
1062 3374 1160 3416 unam
1176 3374 1261 3440 egre-

188 3457 239 3546 gie
263 3456 441 3521 mirabilem
465 3456 625 3548 comperi,
650 3480 774 3550 semper
789 3460 848 3525 tihi
864 3463 1016 3545 majorem
1041 3460 1075 3522 in
1100 3458 1261 3539 adversis,

190 3586 287 3652 quam
303 3566 336 3628 in
355 3564 502 3630 secundis
518 3566 613 3632 rebus
630 3567 772 3631 animum
787 3590 866 3633 esse.
890 3568 953 3632 sed
968 3590 1026 3656 per
1041 3579 1162 3630 ceteros
1177 3587 1261 3629 mor-

188 3672 266 3765 tales
290 3671 346 3736 illa
370 3696 419 3737 res
444 3672 559 3738 clarior
583 3689 649 3758 est,
674 3675 761 3764 quod
784 3690 815 3744 et
838 3675 928 3766 prius
944 3672 1060 3740 defessi
1075 3673 1140 3738 sint
1158 3669 1260 3740 homi-

189 3925 323 4079 plaldisec
335 3926 453 4008 epistola
465 3928 571 4009 scripta
582 3942 713 4012 apparet,
723 3929 854 3993 nondum
865 3928 1012 3995 debellatis
1023 3928 1156 4010 partibus
1166 3927 1250 3992 Pom·
1284 3952 1287 3956 ’

227 4024 236 4079 J
303 4049 308 4064 .
