2888 4748
246 369 307 414 ros
533 346 569 410 G.
595 344 743 414 CRISPl
769 347 1012 418 stttusrn

237 516 277 559 ex
299 490 411 560 amicis
434 493 667 586 quinquaginta
687 496 783 564 rades
798 498 945 580 dederat,
959 523 1056 590 regno
1071 500 1193 593 magis,
1207 512 1305 595 quain

235 603 371 671 vadibus
395 604 584 685 consulens,
606 605 688 668 clam
707 605 741 670 in
759 605 940 672 Numidiam
964 608 1175 676 Bomilcarem
1197 612 1305 680 dimit-

234 711 291 790 tit,
305 710 446 790 veritus,
461 733 502 776 ne
525 709 666 800 reliquos
685 712 849 802 popularis
871 728 974 779 metus
989 716 1152 782 invaderet
1168 722 1303 808 parendi

235 817 318 899 sibi,
342 817 370 883 si
393 817 434 884 de
458 817 514 883 illo
538 816 733 907 supplicium
756 835 895 886 sumtum
918 820 1007 886 foret
1033 823 1076 887 Et
1097 824 1168 913 ipse
1189 829 1302 915 paucis

232 925 347 993 diebus
370 924 532 1015 profectus
554 939 624 1005 est,
646 929 753 1010 jussus
776 950 795 992 a
818 941 929 992 senatu
945 928 1043 993 ltalia
1057 930 1219 996 decedere.
1236 935 1300 1001 Sed

232 1048 405 1126 postquam
420 1032 523 1099 Roma
538 1054 683 1122 egressus
698 1047 763 1114 est,
778 1033 893 1114 fertur,
909 1057 1003 1124 saepe
1017 1060 1056 1102 eo
1071 1037 1186 1105 tacitus
1200 1041 1297 1130 respi-

232 1142 340 1221 ciens,
363 1154 522 1230 postremo
545 1139 687 1206 dixisse:
715 1140 825 1207 Urbem
850 1143 990 1208 venalem
1013 1160 1046 1210 et
1066 1162 1192 1210 mre
1211 1151 1295 1234 peri»

232 1265 359 1327 turam,
381 1250 411 1311 si
432 1263 581 1311 amtorem
604 1250 767 1313 invenerit.

276 1355 351 1422 XL.
377 1355 508 1419 Interim
524 1353 683 1435 Albinus,
706 1371 856 1423 renovato
871 1357 975 1438 bello,
996 1371 1228 1440 commeatum,
1243 1361 1297 1426 sti-

229 1462 384 1555 pendium
406 1461 550 1550 aliaque,
575 1485 657 1550 quae
677 1463 833 1528 militibus
855 1465 930 1532 usui
952 1463 1079 1546 forent,
1100 1480 1238 1533 maturat
1259 1468 1295 1532 in

229 1570 374 1636 Africam
397 1581 541 1660 portare,
564 1589 602 1631 ae
625 1568 730 1633 statim
745 1570 815 1660 ipse
828 1570 1007 1660 profectus,
1030 1572 1079 1638 uti
1102 1587 1174 1636 ante
1198 1573 1294 1640 comi·

227 1678 289 1758 tia,
313 1675 401 1767 quod
415 1690 541 1765 tempus
562 1673 651 1738 baud
673 1675 912 1766 longe'aberat,
933 1679 1030 1745 armis
1057 1693 1113 1745 aut
1134 1678 1295 1746 deditione

227 1799 284 1855 tut
307 1781 421 1874 quovis
444 1781 540 1848 modo
562 1781 682 1862 bellum
706 1783 882 1874 conficeret
907 1783 953 1849 At
974 1799 1104 1867 contra,
1130 1786 1293 1874 Jugurtha

227 1890 353 1958 trahere
368 1889 494 1968 omnia,
516 1901 548 1952 et
563 1887 660 1970 alias,
683 1887 797 1952 deinde
812 1893 889 1956 alias
904 1915 1010 1959 morae
1025 1915 1153 1957 caussas
1167 1891 1287 1957 facere:

225 1997 373 2091 polliceri
395 1995 607 2076 deditionem,
631 2018 668 2062 ae
692 1994 805 2060 deinde
828 2012 947 2065 metum
969 1998 1137 2065 simulare:
1160 1998 1291 2062 instanti

226 2106 358 2184 cedere,
373 2118 405 2168 et
418 2103 528 2193 paullo
543 2117 632 2192 post,
647 2125 687 2167 ne
702 2103 753 2167 sui
768 2100 966 2184 diffiderent,
988 2104 1106 2173 instare
1124 2131 1132 2168 ι
1155 2105 1201 2173 ita
1213 2104 1290 2168 belli

170 2276 174 2285 ,
224 2212 340 2292 modo,
355 2209 448 2274 modo
463 2208 552 2299 pacis
567 2231 656 2274 mora
672 2208 835 2273 consulem
850 2207 1024 2275 ludificare.
1049 2211 1098 2277 Ac
1112 2210 1217 2291 fuere,
1233 2210 1290 2300 qui

224 2334 294 2388 tum
316 2317 472 2384 Albinum
503 2315 590 2386 haud
612 2315 759 2405 ignarum
767 2315 908 2412 ⁴consilii
931 2315 1013 2404 regis
1037 2317 1260 2385 existimarent
1278 2344 1288 2395 ;

224 2449 329 2516 neque
344 2449 381 2491 ex
400 2438 488 2497 tanta
510 2422 715 2514 properantia
737 2435 802 2486 tam
824 2421 917 2488 facile
939 2435 1075 2489 tractum
1097 2422 1217 2491 bellum
1239 2445 1286 2490 sc·

224 2533 334 2601 cordia
356 2532 476 2620 magis,
500 2552 597 2620 quam
619 2529 694 2594 dolo
717 2529 888 2595 crederent

268 2639 359 2704 XLI.
386 2638 450 2703 Sed
472 2652 658 2727 postquam,
681 2635 804 2725 dilapso
819 2650 977 2726 tempore,
995 2634 1195 2703 comitiorum
1218 2636 1286 2702 dies

222 2743 431 2822 adventabat3
456 2743 613 2824 Albinus,
633 2742 719 2809 Aulo
734 2742 830 2809 fratre
845 2745 879 2807 in
894 2743 1005 2810 castris
1020 2757 1224 2834 propraetore
1237 2765 1285 2806 re·
1341 2795 1347 2800 .

219 2849 316 2931 licto,
339 2852 474 2939 Romam
499 2849 640 2916 decessit
665 2851 712 2915 Ea
735 2864 919 2940 tempestate
934 2851 1056 2916 Romae
1076 2848 1285 2923 seditionibus

221 2957 403 3025 tribuniciis
428 2957 575 3037 atrociter
598 2956 792 3047 Respublica
816 2957 1000 3045 agitabatur.
1021 2955 1056 3018 P.
1073 2953 1229 3019 Lucullus
1253 2967 1284 3018 et

220 3064 257 3130 Is.
284 3065 437 3144 Annius,
459 3063 580 3128 tribuni
603 3064 730 3153 plebis,
752 3061 971 3130 resistentibus
995 3060 1160 3149 conlegis,
1183 3060 1283 3125 conti-

219 3193 321 3243 nuare
336 3171 555 3260 magistratum
570 3171 778 3239 nitebantur:
802 3191 883 3258 quae
906 3166 1061 3233 dissensio
1084 3165 1181 3231 totius
1206 3166 1283 3241 anni

218 3278 351 3345 comitia
374 3276 574 3367 impediebat.
608 3278 656 3344 Ea
684 3302 773 3345 mora
802 3278 836 3349 iu
860 3299 948 3367 spem
970 3273 1126 3340 adductus
1150 3273 1283 3354 Aulus,

217 3407 314 3476 quem
335 3406 395 3472 pro
410 3399 554 3481 praetore
569 3385 603 3455 in
619 3388 729 3456 castris
753 3385 900 3479 relicturp
924 3406 1021 3474 snpra
1043 3383 1180 3447 diximus
1195 3431 1203 3462 ,
1217 3395 1282 3445 aut

214 3489 411 3562 conficiundi
434 3489 533 3571 belli,
556 3507 627 3573 eut,
652 3507 769 3565 terrore
793 3493 961 3574 exercitus,
977 3491 1016 3556 ab
1031 3513 1104 3579 rege
1125 3489 1280 3578 pecuniae

214 3598 410 3689 capiundae,
425 3597 540 3671 milites
562 3621 669 3664 mense
692 3600 847 3667 lanuario
871 3623 908 3664 ex
931 3597 1072 3669 hibernis
1095 3595 1129 3657 in
1152 3592 1278 3682 expedi-

211 3706 332 3773 tionem
356 3718 484 3783 evocat3
506 3707 692 3794 magnisque
707 3706 874 3779 itineribus
889 3706 994 3777 hieme
1009 3722 1118 3794 aspera
1133 3698 1278 3788 pervenit

213 3896 263 3941 eut
282 3884 368 3942 vades
390 3885 483 3943 dabat.
496 3885 586 3961 Igitur
606 3904 671 3942 euru
692 3883 727 3942 de
765 3887 835 3961 quin
858 3887 973 3963 noginto
995 3883 1053 3940 dati
1074 3879 1206 3947 fuerant,
1228 3876 1277 3953 qui

104 4019 106 4026 s
213 3959 378 4016 Bomilcaris
387 3960 727 4037 luctojudiciuminstitu·
765 3909 955 4037 spondebant,
977 3979 1044 4021 eum
1064 3957 1170 4037 judicio
1188 3968 1277 4018 statu*

215 4046 277 4104 turo
295 4035 412 4116 suisset,
429 4037 465 4095 ab
481 4036 624 4124 Jugurtha
641 4036 727 4103 uades
764 4057 839 4107 rum,
