2888 4748
374 320 565 388 anuiuu
592 321 935 392 esusiinlmuu
1148 355 1190 420 29

115 495 199 537 vana
223 474 371 560 ingenia,
395 477 517 538 incerta
532 496 590 560 pro
609 479 703 539 certis
721 494 892 562 captorem.
912 479 977 542 Sed
1006 481 1083 566 qnia
1108 475 1191 543 niul-¹

38 654 44 662 ,
117 585 159 644 tis
190 598 222 644 et
244 584 365 668 magnis
392 582 663 668 tempestatibus¹
693 608 742 646 vos
765 588 894 668 cognovi
906 587 1012 669 sortes
1035 587 1187 672 fidosque

119 688 219 767 milti,
243 715 279 754 eo
304 691 429 754 animus
453 715 550 754 ausus
582 706 629 754 cst
659 715 846 753 maxumum
879 707 974 777 atque
1002 693 1189 778 pulcherru-

119 820 204 858 mum
219 799 354 880 facinus
379 800 519 884 incipere
528 827 538 877 ,·
556 797 671 877 simul,
688 801 764 885 quia
783 798 866 861 oobis
883 799 993 863 cadem
1003 849 1012 878 ,
1028 825 1109 886 quae
1130 805 1188 864 mi·

116 903 171 982 lii,
196 904 277 968 bona
302 906 451 992 malaque
475 930 541 970 esse
567 906 727 970 intellexi.
761 911 844 970 Nam
874 906 958 970 irlem
987 907 1066 970 uelle
1091 924 1187 994 atquc

117 1010 201 1074 idem
227 1013 335 1090 nolle,
359 1039 398 1077 ea
421 1013 548 1096 demum
562 1015 664 1098 firma
688 1016 832 1077 amicitia
856 1030 911 1077 est.
938 1014 1003 1077 Sed
1025 1039 1080 1099 ego
1105 1041 1188 1100 quae

118 1135 221 1183 mente
246 1123 384 1204 agitari,
408 1146 514 1184 omnes
535 1126 604 1204 jum
628 1137 724 1185 antea
749 1122 865 1184 clioersi
889 1130 899 1153 ¹
922 1122 1065 1186 audistis.
1094 1128 1185 1188 Cete-

116 1250 188 1289 rum
212 1227 291 1289 mibi
314 1230 350 1290 in
372 1228 440 1292 clies
466 1231 564 1314 magis
589 1232 715 1292 animus
733 1229 940 1308 accenditur,
958 1254 1029 1294 cum
1047 1232 1188 1296 conside·

115 1359 150 1397 ro
181 1359 262 1419 quae
287 1337 426 1399 conditio
452 1339 531 1400 vitae
551 1337 672 1421 sutura
696 1339 758 1415 sit,
782 1339 846 1400 nisi
868 1355 990 1402 nosmet
1016 1341 1100 1424 ipsos
1122 1342 1187 1401 oin-

116 1442 260 1505 clicamus
285 1444 319 1504 in
338 1443 526 1508 libertatem.
545 1449 626 1508 Nam
637 1495 646 1523 ,
662 1462 831 1530 postquam
849 1446 1040 1531 Respublica
1059 1449 1091 1508 iu
1108 1472 1188 1532 pau·

115 1546 223 1613 corum
246 1552 423 1635 potentium
445 1540 456 1581 ³
477 1557 532 1635 jus
562 1567 659 1638 atque
684 1553 836 1616 ditionem
861 1555 1038 1633 concessit,
1062 1579 1188 1640 semper

115 1657 182 1719 illis
206 1683 314 1742 reges,
338 1657 542 1722 tetrarchae⁴
566 1662 731 1745 vectigales
755 1685 843 1724 csse:
868 1662 1003 1747 populi,
1027 1665 1186 1740 nationes,

115 1765 275 1849 stipendia
296 1766 458 1851 pendere:
482 1770 580 1830 ceteri
604 1792 728 1846 omncs,
754 1771 876 1831 streuui
888 1818 896 1845 ,
922 1769 997 1832 boni
1009 1819 1018 1846 ,
1042 1769 1164 1833 nobiles
1176 1820 1187 1848 ,

114 1888 210 1958 atque
236 1874 413 1957 ignobiles,
437 1875 544 1958 uulgus
566 1876 716 1958 suimus,
738 1877 807 1937 siue
834 1877 961 1959 gratia,
985 1877 1053 1938 sine
1078 1893 1186 1941 aucto·

113 1981 230 2058 ritate,
254 1980 303 2044 his
329 1981 483 2058 obnoxii,
507 1982 635 2066 quibus,
659 1985 688 2044 si
703 1981 896 2068 Respublica
920 1982 1051 2062 valeret,
1065 1987 1185 2069 sormi·

115 2084 187 2150 clini
210 2111 359 2150 essemus.
386 2093 499 2174 ltaque
526 2091 626 2152 omnis
640 2092 746 2174 gratio
759 2140 767 2169 ,
790 2092 951 2175 potentia,
970 2091 1086 2169 bonos,
1110 2092 1186 2155 dioi-

115 2194 180 2258 tiae
204 2195 292 2280 apud
315 2196 388 2259 illos
411 2213 506 2275 sunt,
530 2213 587 2259 aut
611 2197 667 2259 ubi
690 2198 742 2260 illi
766 2198 894 2261 volunt:
919 2198 1008 2260 nobis
1025 2198 1184 2284 reliquere

62 2309 70 2322 '
112 2294 259 2387 periculo
269 2355 277 2383 ,
294 2305 438 2389 repulsas
447 2355 456 2383 ,
469 2306 614 2388 judicia,
632 2321 809 2389 egestatem.
830 2309 916 2384 Quae
934 2329 1097 2391 quousque
1115 2321 1186 2367 tan-

113 2410 185 2473 ‹lem
207 2395 397 2497 patiemini,
436 2415 595 2476 ortissumi
618 2413 702 2474 oiri?
721 2418 833 2474 Nonne
849 2413 949 2474 emori
963 2435 1022 2496 per
1039 2413 1185 2474 virtutem

111 2534 277 2601 praestat,
307 2543 402 2604 quam
434 2522 529 2583 vitam
559 2522 728 2596 miseram,
757 2534 852 2603 atque
880 2517 1101 2597 inhonestam,
1129 2520 1186 2581 ubi

114 2626 242 2688 alienae
267 2627 434 2711 superbiae
460 2626 599 2688 ludibrio
618 2628 727 2710 fucris
740 2676 749 2703 ,
770 2651 829 2711 per
852 2625 988 2688 dedecus
1013 2628 1184 2690 aurittere?

160 2733 257 2797 XXI.
288 2738 402 2797 Verum
426 2735 604 2811 enimvero,
631 2758 688 2819 pro
713 2735 808 2796 <lcum
837 2749 932 2818 atque
957 2733 1120 2796 hominum
1138 2735 1185 2817 fi

113 2841 206 2905 clem!
230 2844 361 2905 uictoria
386 2843 419 2903 in
443 2866 540 2903 mauu
565 2841 655 2904 uobis
679 2857 747 2904 est:
765 2843 844 2926 viget
861 2856 950 2904 aetas
963 2843 976 2918 ,'
989 2843 1115 2904 animus
1134 2867 1183 2904 oa·

112 2948 179 3025 let,·
203 2965 315 3012 contra
337 2949 426 3030 illis,
456 2951 549 3011 aunis
582 2965 678 3034 atque
709 2949 848 3026 diuitiis,
879 2949 986 3011 omnia
1011 2973 1183 3012 consenue-

113 3073 209 3122 runt:
233 3057 450 3123 tantummodo
475 3059 619 3142 incoepto
645 3081 722 3142 opus
752 3072 822 3120 est:
850 3071 978 3119 caetera
1007 3080 1057 3119 res
1085 3081 1183 3145 expc-

113 3163 179 3228 dier
194 3165 212 3225 ⁵.
237 3167 364 3227 Etenim
389 3167 459 3250 quis
485 3165 687 3242 mortalium,
704 3166 757 3226 cui
781 3164 869 3226 virile
895 3152 1058 3247 ingenium
1081 3166 1181 3247 inest,

111 3272 248 3334 tolerare
270 3286 374 3356 potest
397 3272 463 3334 illis
489 3271 614 3333 clioitias
640 3295 812 3356 superare,
834 3294 913 3355 quas
930 3271 1130 3356 profundant
1147 3276 1184 3341 in

111 3378 304 3444 exstruendo
330 3380 412 3439 mari
434 3393 466 3440 et
490 3377 647 3440 montibus
673 3378 910 3463 coaequandis3
933 3377 1023 3450 nobis
1043 3405 1109 3443 rem
1123 3383 1180 3464 sa·
1242 3443 1249 3458 ,

111 3488 269 3552 miliarcm
293 3487 390 3549 etiam
414 3485 457 3546 ad
480 3488 660 3548 necessaria
679 3485 811 3548 deesse?
828 3485 901 3548 illos
919 3485 1010 3556 binas
1034 3503 1092 3549 aut
1114 3513 1181 3550 am-

116 3672 145 3715 '1
167 3659 203 3716 In
226 3654 327 3718 'multis
355 3659 523 3736 magnisque
544 3657 622 3736 peri·
659 3659 703 3714 titi
723 3656 819 3727 erant,
841 3672 869 3715 et
893 3657 980 3735 vulgo
1008 3658 1179 3734 Septemviri

112 3736 192 3794 culis.
660 3736 891 3811 appellabantur.

132 3831 148 3868 2
170 3813 337 3888 Separatim.
678 3811 696 3881 4
718 3812 775 3881 Qui
797 3825 916 3886 quartae
942 3810 1029 3865 unius
1054 3810 1175 3886 provin-

127 3885 148 3943 3
168 3889 305 3946 Lucullus
326 3909 392 3946 cum
412 3887 516 3956 statie,
535 3889 621 3943 Cras·
661 3888 720 3944 ciac
737 3889 814 3963 parti
826 3898 986 3962 praeerant.

112 3983 171 4032 sus,
189 3964 320 4034 Catulus,
329 3966 509 4032 Hortensius,
523 3964 622 4020 Metel·
680 3963 696 4020 5
717 3963 839 4036 Reliqua
859 3962 939 4019 nullo
959 3973 1058 4018 nostro
1078 3959 1177 4023 laboro

77 4073 81 4082 ·
110 4038 156 4100 lus
168 4052 196 4100 et
206 4039 357 4120 Philippus
368 4042 553 4119 Reipublicae
568 4061 621 4120 po·
659 4039 856 4120 perficientur.
