2888 4748
194 313 256 376 aea
598 312 821 383 EPISTOLA
845 313 861 378 1

184 463 280 543 cujus
296 459 323 524 si
340 458 449 525 dolum
466 454 683 543 caveris‚‘alia
705 465 810 528 omnia
832 464 866 526 in
889 461 1024 552 proclivi
1047 476 1149 528 erunt.
1167 461 1249 528 Nam

183 567 238 648 hi,
254 569 281 632 si
296 567 413 633 virtute
430 569 504 633 satis
520 570 679 650 valerent,
701 570 802 658 magis
822 570 938 635 aemuli
957 570 1132 650 honorum,
1151 594 1249 658 quam

181 675 284 745 invidi
305 689 417 739 essent
444 675 527 760 Quia
550 676 671 741 desidia
692 691 724 741 et
746 677 861 741 inertia
883 690 914 741 e't
937 691 1048 766 stupor
1072 700 1126 742 eos
1152 691 1249 764 atque

184 781 317 871 torpedo
338 781 475 861 invasit,
498 796 670 871 strepunt„
683 782 876 866 obtrectant,
899 783 1035 847 alienam
1056 781 1172 846 famam
1192 783 1251 846 ho·

186 912 261 953 nam
277 911 370 961 suum
386 887 523 953 dedecus
543 889 739 958 existumant.
766 888 830 952 Sed
853 889 932 977 quid
950 913 1007 977 ego
1027 889 1138 979 plura,
1156 888 1250 976 quasi

187 995 227 1061 de
242 994 358 1084 ignotis
374 999 567 1060 memorem?
582 994 626 1058 M.
643 995 751 1061 Bibuli
772 994 925 1061 fortitudo
941 1002 949 1026 ¹
970 1010 1064 1084 atque
1087 995 1185 1059 animi
1199 994 1250 1060 vis

187 1102 222 1165 in
247 1101 447 1167 consulatum
470 1101 593 1190 erupit:
615 1100 711 1170 hebes
733 1102 860 1190 lingua,
883 1101 982 1190 magis
1006 1101 1128 1181 malus,
1152 1123 1251 1188 quam

188 1207 323 1273 callidus
338 1207 475 1295 ingenio.
487 1208 573 1292 Quid
589 1208 642 1273 ille
658 1208 782 1288 audeat,
798 1209 851 1273 cui
867 1209 1050 1274 consulatus
1066 1220 1250 1273 maxumum

188 1314 359 1403 imperium
380 1336 526 1379 maxumo
549 1313 696 1381 dedecori
717 1313 799 1379 fuit?
823 1313 875 1377 An
899 1316 935 1378 L.
953 1314 1113 1380 Domitii·
1138 1335 1252 1402 magna

188 1421 237 1488 vis
253 1435 319 1500 est,
334 1424 427 1503 eujus
443 1421 568 1486 nullum
583 1421 759 1486 membrum
780 1444 798 1484 a
820 1420 939 1508 flagitio
954 1436 1017 1490 ‚aut
1037 1421 1177 1486 facinore
1197 1441 1252 1486 va-

189 1531 262 1592 cat?
276 1527 386 1614 lingua
401 1549 498 1606 vana,
514 1548 626 1590 manus
642 1541 806 1606 cruentae,
820 1526 917 1617 pedes
932 1526 1060 1617 fugaces
1073 1555 1081 1606 3
1098 1551 1179 1615 quae
1194 1525 1252 1591 ho-

188 1648 277 1698 neste
292 1632 450 1696 nominari
465 1646 642 1719 nequeant,
658 1631 933 1697 inhonestissuma.
1193 1698 1196 1703 .

203 1795 207 1802 .
235 1739 296 1804 Xl.
321 1737 428 1828 Unius
444 1752 549 1803 tamen
574 1738 618 1801 M.
637 1738 767 1803 Catonis
788 1734 978 1827 ingenium³
999 1751 1182 1820 versutum,
1205 1740 1251 1804 lo-

191 1862 293 1936 quar,
315 1843 465 1910 callidum
486 1844 574 1910 haud
594 1859 771 1919 contemno.
796 1846 954 1910 Parentur
976 1844 1054 1912 haec
1082 1846 1253 1936 disciplina

193 1955 399 2025 Graecorum.
428 1951 492 2016 Sed
520 1951 644 2032 virtus,
666 1952 851 2041 vigilantia,
876 1953 965 2018 labos
994 1952 1080 2043 apud
1110 1954 1252 2018 Graecos

190 2060 279 2125 nulla
301 2073 383 2123 sunt.
409 2059 537 2149 Quippe
556 2059 613 2148 qui
632 2058 717 2123 domi
732 2059 908 2124 libertatem
925 2083 1014 2123 suam
1032 2083 1090 2148 per
1105 2059 1253 2124 inertiam

191 2167 386 2242 amiserunt3
417 2189 565 2231 censesne
592 2185 704 2234 eorum
732 2167 909 2256 praeceptis
937 2166 1108 2255 imperium
1138 2165 1252 2230 haberi

190 2276 307 2366 posse?
322 2272 451 2360 Reliqui
467 2272 506 2336 de
520 2271 657 2338 factione
673 2287 747 2337 sunt
762 2272 957 2337 inertissumi
973 2272 1114 2338 nobiles:
1130 2272 1164 2336 in
1180 2273 1253 2359 qui·

189 2381 267 2459 hus,
283 2381 366 2448 sicut
381 2380 414 2443 in
431 2395 550 2460 statua,
565 2394 690 2470 praeter
711 2398 844 2460 101101,
866 2379 946 2443 nihil
969 2394 1018 2444 est
1037 2379 1249 2445 additamenti.
1268 2427 1272 2434 .

192 2488 230 2552 L.
247 2487 454 2555 Posthumius
473 2502 504 2554 et
527 2488 570 2554 M.
588 2483 774 2556 Favonius⁴
803 2486 882 2556 mihi
905 2487 1052 2557 videntur
1074 2487 1165 2576 quasi
1185 2510 1251 2551 ma-

212 2737 222 2772 1
246 2717 322 2773 Cum
337 2717 375 2772 M.
389 2718 564 2794 Calpurnius
581 2716 701 2777 Bibulus
740 2719 867 2776 exercitu
879 2715 989 2775 Galliae
1001 2715 1145 2773 retrahere
1161 2735 1250 2772 eona·

190 2792 321 2855 Caesaris
333 2807 404 2849 esset
415 2795 444 2849 in
454 2793 602 2851 consulatu
615 2795 700 2852 colle·
739 2807 786 2850 tus
798 2808 847 2851 est.
860 2793 1004 2868 Principio
1022 2791 1090 2847 belli
1102 2789 1201 2850 Civilis
1213 2791 1251 2849 ad

193 2869 240 2942 ga,
251 2886 327 2926 uuus
340 2869 445 2923 Caesar
457 2869 550 2924 omnia
561 2869 590 2923 in
600 2869 699 2944 Repu·
740 2870 900 2925 Corfinium
911 2864 1022 2943 captuS,
1031 2866 1097 2922 inde
1106 2864 1252 2936 dimissus,

190 2942 265 3000 blica
282 2943 503 3010 administravit,
521 2955 554 2999 ut
569 2943 702 2999 nonnulli
740 2939 835 3001 denuo
845 2957 943 3001 contra
954 2943 1105 3000 Caesarem
1115 2962 1193 2998 arma
1203 2963 1251 3000 ce·

190 3019 369 3080 urbanorum
381 3038 447 3078 cum
458 3018 529 3094 quid
540 3038 593 3095 per
605 3021 701 3092 jocum
738 3020 782 3095 pit
806 3033 833 3075 et
855 3019 914 3076 acie
933 3017 1095 3076 Pharsalica
1113 3036 1256 3096 pugnans

191 3093 313 3150 testandi
341 3094 428 3170 gratia
457 3096 620 3173 signarent,
642 3114 702 3150 non
740 3093 883 3154 occubuit.
1238 3146 1241 3153 .

192 3170 314 3226 Caesare
334 3182 362 3225 et
382 3169 499 3238 Bibulo,
513 3169 561 3227 sed
577 3169 655 3226 Julio
673 3182 702 3225 et
758 3167 775 3225 3
796 3169 868 3224 Cato
887 3167 933 3226 vir
957 3167 1147 3238 clarissimus,
1168 3171 1252 3244 eujus

192 3245 314 3306 Caesare
326 3246 405 3308 Coss.
418 3259 514 3303 actum
530 3245 701 3313 scriberent3
739 3243 898 3302 doctrinam
906 3258 934 3301 et
942 3245 1061 3302 virtutes
1067 3246 1189 3303 Romani
1198 3245 1251 3301 ad·

192 3332 282 3394 utque
294 3320 380 3395 vulgo
391 3320 533 3376 ferrentur
543 3321 575 3377 hi
586 3341 700 3378 versus:
740 3321 926 3377 mirabantur.
947 3321 1016 3394 Ejus
1034 3334 1108 3378 artes
1125 3322 1154 3376 in
1171 3320 1250 3377 dete·

211 3398 282 3451 Nou
295 3397 400 3452 Bibulo
419 3401 575 3473 quiequam
592 3417 702 3471 nuper,
741 3398 844 3453 riorem
855 3409 966 3472 partem
977 3396 1128 3471 detorquet
1139 3411 1251 3463 auctor,

247 3471 303 3527 aed
315 3473 445 3530 Caesare
451 3475 571 3545 sactum
583 3483 635 3526 est:
742 3473 808 3546 quie
818 3473 850 3529 in
859 3471 1038 3549 Pompejanis
1046 3472 1176 3550 partibus
1187 3473 1250 3530 fue·

212 3547 291 3603 Nam
311 3548 417 3603 Bibulo
425 3550 502 3621 fieri
521 3547 641 3605 consule
660 3548 704 3608 nil
741 3559 793 3603 rat.

251 3627 376 3679 memini.
666 3675 668 3681 ,
757 3623 910 3693 4Μ11011
932 3623 1075 3680 Favonius
1098 3623 1248 3701 Cynicus,

236 3752 241 3762 ,
322 3698 395 3758 Svet.
407 3700 437 3754 in
448 3698 473 3756 J.
488 3698 568 3756 Caes.
582 3717 643 3773 cap.
656 3714 700 3754 ao.
740 3698 1250 3771 (11110011οηί1111111101011110114

212 3790 229 3827 n
248 3773 279 3826 L.
299 3773 442 3830 Domitius
460 3786 577 3850 praetor
597 3774 700 3830 Caesa·
739 3772 1249 3843 11111011111111011001-

194 3866 254 3902 rem
273 3847 303 3902 in
319 3849 426 3914 Senatu
451 3849 603 3918 accusavit,
624 3847 703 3924 quod
741 3849 800 3910 caci
811 3849 907 3926 lingua
918 3863 1034 3925 potens,
1052 3870 1068 3904 a
1086 3849 1248 3905 11111000-

193 3920 328 3978 adversus
347 3923 423 4000 leges
443 3925 622 3985 consulatum
640 3943 702 3999 ges·
739 3927 786 3980 nie
798 3924 1004 4000 appellabatur.
1015 3957 1053 3970 -
1064 3926 1109 3983 Pl.
1121 3929 1152 3986 itt
1163 3927 1245 3984 Brut·

192 3997 271 4059 sisset
278 4021 286 4069 3
304 4018 371 4059 mox
389 3999 505 4074 consul,
524 3999 648 4059 eundem
664 3999 702 4058 ab
739 4003 811 4062 etin
824 4002 927 4078 Pomp.
992 4004 1005 4079 J
1103 4005 1108 4009 '
1243 4001 1247 4006 ⁴
