2888 4748
352 342 672 414 ntsrotttnutttt
697 328 979 408 FRAGMENTA
1140 347 1220 417 265„-

149 499 225 578 422.
251 498 401 584 Pelorum
416 495 669 589 promontorium
686 492 815 557 Siciliae
834 493 1008 582 respiciens
1029 491 1070 558 ad
1085 494 1208 582 aquilo·

218 629 307 687 nem,
317 607 438 671 dictum
455 627 473 667 a
489 604 697 692 gubernatore
713 600 901 666 Hannibalis
917 599 985 663 illic
1001 601 1138 689 sepulto,
1153 600 1210 689 qui

218 713 323 778 fuerat
338 712 463 778 occisus
479 733 535 798 per
549 709 632 797 regis
647 707 878 796 ignorantiam,
893 728 967 771 oum
983 730 1016 770 se
1025 710 1101 790 ejus
1118 708 1212 792 dolo,

217 834 350 910 propter
366 817 525 905 angustias
540 814 630 895 freti,
647 813 787 879 crederet
802 837 870 880 esse
885 813 1065 901 deceptum,
1079 815 1212 883 veniens

218 927 257 991 de
274 925 397 990 Petilia.
415 926 497 986 Serv.
515 921 643 986 Aeneid.
660 919 717 984 tit.
735 920 764 983 3.

211 1045 272 1092 tnt.
338 1086 342 1093 ,
418 1043 423 1060 ·

144 1149 229 1228 422.
255 1147 309 1211 Ad
325 1145 467 1210 Siciliam
481 1162 612 1233 vergens
632 1142 779 1210 faucibus
801 1167 864 1216 non
887 1135 1025 1236 amplius
1040 1158 1128 1236 patet
1143 1144 1214 1211 mil.

220 1254 305 1321 libus
320 1253 351 1320 V
369 1267 400 1319 et
414 1253 529 1317 XXX.
547 1257 636 1315 Arna.
654 1257 748 1349 Meso.

215 1374 277 1420 tort.

153 1481 233 1565 423.
260 1483 308 1548 Ut
323 1497 428 1548 autem
442 1496 508 1547 tam
523 1503 656 1576 curvum
679 1480 734 1562 sit,
757 1476 834 1545 facit
856 1493 969 1547 natura
982 1480 1138 1547 mollioris
1154 1482 1217 1548 Ita·

222 1590 301 1669 liae,
317 1591 349 1652 in
367 1611 462 1676 quam
478 1589 629 1676 asperitas
651 1601 683 1654 et
701 1586 833 1654 altitudo
857 1587 987 1654 Siciliae
1006 1602 1129 1656 aestum
1144 1589 1223 1655 reli-³

220 1696 276 1760 dit.
295 1700 378 1760 Serv.
394 1695 522 1759 Aeneid.
539 1695 560 1756 l.
579 1696 608 1758 3.

213 1817 272 1864 rata.

152 1923 229 2003 424.
256 1925 314 1988 Est
329 1937 433 1988 autom
450 1924 662 1991 arctissimum
677 1921 774 1991 trium
794 1924 931 1990 millium
953 1926 1056 2016 spatio
1074 1927 1218 1994 Siciliam
1243 1949 1246 1956 ·

223 2032 262 2094 ab
287 2030 563 2110 taladiciacus,
586 2031 740 2097 fabulosis
763 2032 881 2096 infame
904 2035 1075 2115 monstris,
1096 2035 1214 2122 quibus

220 2136 297 2200 hinc
312 2136 386 2200 inde
397 2135 495 2201 Scilla
510 2150 541 2202 et
551 2137 730 2227 Charybdis
743 2139 929 2204 *ostenditur
943 2139 1072 2204 Scillam
1090 2142 1216 2206 accolae
1236 2132 1240 2138 ⁴

222 2266 332 2308 saxum
355 2243 389 2322 in
412 2244 492 2306 mari
515 2243 683 2310 imminens
707 2247 888 2335 appellant,
910 2246 1012 2311 simile
1036 2247 1214 2314 celebratae

221 2349 340 2415 formae
363 2350 477 2439 procul
498 2350 692 2415 visentibus:
715 2351 811 2416 Unde
834 2367 865 2416 et
888 2367 1121 2418 monstruosam
1143 2378 1215 2443 spe·

222 2459 304 2521 ciem
319 2456 444 2520 fabulae
460 2456 508 2517 itti
523 2456 693 2538 dederunt,
714 2458 805 2545 quasi
824 2459 958 2523 formam
973 2459 1113 2524 hominis
1130 2462 1215 2550 oapi-

224 2563 310 2627 tibus
326 2561 520 2628 succinctam
535 2562 668 2643 caninis,
684 2565 759 2652 quia
775 2565 878 2630 collisi
891 2565 1064 2634 ibifluotus
1078 2565 1214 2654 latratus

224 2669 372 2736 ridentur
388 2669 569 2758 exprimere.
586 2670 696 2735 Isidos.
713 2671 767 2735 lib.
789 2673 839 2739 13,

200 2796 202 2799 ’
217 2791 276 2838 Ibid.

156 2900 233 2980 425.
261 2899 439 2992 Charybdis
455 2923 539 2968 mare
554 2901 756 2971 vorticosum.
774 2906 860 2970 Serv.
877 2906 1005 2972 Aeneid.
1023 2906 1077 2973 tit.
1099 2931 1127 2971 r.

219 3026 277 3072 tuto.

153 3115 230 3193 426.
255 3118 336 3187 Nam
352 3120 457 3188 sorbet
471 3121 619 3190 universa
634 3143 715 3210 quae
729 3121 907 3211 prehendit.
926 3122 974 3186 Id.
992 3122 1014 3193 l.
1032 3123 1062 3189 3.
1120 3110 1124 3118 ¹

215 3237 275 3288 lttd.

153 3327 230 3421 427.
257 3330 352 3413 Quod
366 3333 446 3399 forte
460 3336 547 3400 illata
562 3334 727 3423 naufragia
742 3337 889 3420 sorbens,
908 3339 1090 3428 gurgitibus
1108 3339 1215 3405 occul·

221 3438 262 3503 tis
278 3439 377 3505 millia
392 3443 551 3531 sexaginta
561 3441 820 3513 Taurominitana
836 3445 876 3512 ad
891 3445 1111 3520 littoratrahit
1122 3453 1212 3518 Arna.

222 3551 316 3612 Mese.

216 3668 276 3717 thid.

156 3760 232 3839 428.
257 3762 324 3828 Ubi
338 3761 459 3830 laniata
470 3766 596 3858 navigia
610 3765 709 3835 fundo
725 3792 758 3836 se
774 3781 947 3860 emergunt.
964 3766 1063 3837 Idem.

216 3885 278 3930 tota.
388 3887 390 3890 ·

28 3989 30 3995 ¹
150 3959 244 4081 429.Ι
257 3995 321 4065 Ter
335 4013 440 4070 autem
452 4000 488 4069 in
503 4000 555 4072 die
574 4001 668 4096 erigit
688 4002 805 4078 fluetus
829 4018 860 4081 et
881 4018 930 4076 ter
952 4002 1107 4075 absorbet.
1133 3989 1216 4074 Nam
