2888 4748
1107 315 1188 370 xin-

102 422 232 507 tiliani
264 422 459 502 sententia
479 447 597 530 supra
624 439 746 530 quant
772 419 962 503 credibile
989 436 1078 517 est‚·
1103 423 1192 504 elo··

103 569 328 684 questibus.
385 645 388 648 ,
436 646 441 653 ,
857 638 859 646 1
999 609 1000 612 κ

136 717 366 819 ,Catilinae
379 720 514 802 oratio
538 739 549 777 ¹
573 717 624 798 ad
650 743 826 826 pugnam
851 719 1000 800 milites
1028 721 1196 800 iubam·—

101 879 209 958 mat,
230 867 451 984 quemlibet
480 897 530 950 ex
556 870 699 976 ignaro
725 883 933 948 strenuum
952 868 1108 980 reddit,
1128 899 1179 951 ex

101 1014 243 1098 timido
262 1018 415 1099 fortem.
774 1100 781 1119 x
1051 1086 1053 1092 .

153 1170 306 1248 Marius
326 1170 553 1278 apopulum
564 1173 788 1252 Romanurn
806 1156 1180 1280 alloquiturpaullo

95 1316 363 1424 negligentius
384 1337 425 1400 et
442 1321 595 1417 rudius,
615 1349 725 1402 more
745 1321 945 1403 militurn:
965 1318 1183 1428 aequalem

99 1466 145 1544 in
163 1464 322 1558 verbis,
342 1466 464 1547 talem
484 1495 526 1547 se
545 1471 709 1577 praebet
729 1473 772 1549 in
789 1471 913 1550 factis.
953 1536 955 1543 ,
1002 1541 1004 1544 Α

155 1613 296 1707 Sulla,
324 1621 395 1724 qui
428 1646 587 1699 ornnem
616 1620 792 1726 lapidem
821 1633 1001 1701 moverat
1029 1632 1077 1695 ut
1105 1615 1184 1695 sibi

101 1764 247 1842 amicos
267 1784 447 1871 pararet,
467 1769 661 1874 pecuniae
683 1771 804 1844 etiam
822 1769 865 1847 vi
895 1779 936 1841 et
966 1763 1181 1866 largitioni·

100 1909 207 2004 bus,
239 1912 344 1995 hanc
374 1918 499 1996 animi
530 1915 822 2020 cupiditatem,
853 1909 1056 1991 bocchum
1086 1907 1198 1991 allo·v

100 2089 229 2168 quens
253 2063 294 2154 3,
313 2059 560 2144 luculentius
580 2060 763 2141 ostendit.

149 2209 204 2294 At
229 2213 263 2287 si
285 2209 461 2291 uelimus
482 2210 532 2290 de
553 2209 718 2316 singulis
747 2209 901 2316 singula
919 2209 1119 2316 persequi,
1136 2223 1180 2312 te
1194 2263 1199 2286 ,

101 2356 251 2439 diutius
269 2384 539 2451 moraremur,
561 2363 687 2436 amice
708 2359 858 2449 lector,
886 2383 1007 2461 quarn
1031 2353 1180 2460 praefa-

100 2509 157 2585 tio
184 2512 305 2589 sinat.
320 2511 438 2587 Nunc
452 2533 553 2587 ¹uero
579 2504 694 2587 nobis
717 2502 766 2584 de
797 2503 974 2584 Sallustii
993 2501 1179 2585 historiae

99 2647 266 2740 veritate
288 2654 503 2734 dicendum
524 2672 602 2736 est.»
709 2710 712 2719 ι

154 2803 264 2881 Sacri
291 2802 426 2909 plures
452 2822 493 2882 et
519 2805 675 2912 profani
701 2807 908 2911 scriptores
942 2799 1179 2881 Sallustium
1228 2819 1230 2823 ’

100 2951 147 3029 in
179 2952 259 3030 suis
287 2954 578 3034 narrationibus
611 2954 688 3033 fide
723 2953 999 3058 dignissimum
1032 2970 1197 3037 testam.

99 3112 177 3176 tur.
206 3101 426 3178 ,Auctorem
457 3109 708 3183 certissimum
737 3129 831 3180 eum
861 3094 1035 3209 appellat
1062 3101 1180 3183 divus

99 3245 363 3351 Augustinus:
392 3252 591 3328 nobil-itate
618 3259 787 3330 veritatis
806 3251 1032 3329 historicum
1062 3250 1181 3333 divus·

100 3399 380 3508 Hyeronimus:
401 3399 569 3478 eandem
587 3400 650 3477 illi
661 3398 823 3478 laudem
842 3400 1026 3480 tribuunt
1037 3400 1177 3478 Vibius

101 3563 142 3626 et
161 3548 381 3638 Petrarcha.
406 3547 486 3626 Sed
506 3548 745 3654 quibusnam
764 3552 1004 3654 argumentis
1030 3547 1178 3627 horum

101 3723 348 3780 summorum
367 3698 578 3782 hominurn
597 3701 733 3780 innixa
752 3714 837 3778 erat
855 3701 1015 3806 opinio,
1048 3721 1174 3804 quum

122 3955 135 3996 a
157 3935 225 4014 Pag.
263 3938 309 4012 64.
329 3938 348 3999 1.
390 3989 396 4002 .
676 3935 695 3998 3
715 3938 782 4019 Peg.
805 3938 874 4011 160,
893 3935 911 3995 l.
936 3954 977 4013 17.

119 4029 136 4071 α
157 4011 224 4093 Peg.
248 3961 400 4093 140).ιὲ
