2888 4748
389 334 720 424 HISTORIARUM
744 331 1027 432 FRAGMtttttA'
1189 333 1256 436 23⁴5

171 465 257 581 117.
284 489 447 580 Apollinis
485 489 553 555 filia
591 503 622 554 et
662 489 810 578 Cyrenes.
855 489 958 552 Volcr.
990 485 1112 550 Probus
1149 488 1246 552 instit.

245 623 345 682 gram.
370 599 391 661 l.
419 623 446 662 2.

241 719 299 766 thid.

188 810 259 873 128.
285 807 452 873 Aristaeus
475 805 725 896 post-laniatum
741 827 758 869 a
775 805 906 870 canibus
923 802 1118 870 Actaeonem
1132 803 1249 887 filium,¹

249 915 359 981 matris
383 915 539 979 instinctu
565 913 692 979 Thebas
716 913 863 1002 reliquit,
887 926 918 975 et
936 911 1036 976 Coam
1051 911 1188 977 insulam
1210 926 1253 977 te-

253 1023 325 1086 nuit
348 1021 453 1085 adhuo
476 1019 659 1105 hominibus
683 1041 835 1088 vacuam:
860 1032 950 1107 post,
971 1042 1009 1083 ea
1032 1019 1160 1099 relicta,
1177 1041 1251 1086 eum

253 1127 379 1192 Dedalo
404 1127 444 1191 ad
476 1126 658 1192 Sardiniam
686 1125 856 1192 transitum
886 1125 968 1190 fecit
999 1129 1032 1190 S.
1057 1129 1185 1190 Hieron.
1209 1110 1249 1190 de
1315 1168 1317 1173 -

255 1236 334 1298 loeis
358 1234 444 1298 hebr.
466 1259 538 1321 cap.
566 1237 616 1300 28.
721 1271 725 1281 ·
882 1217 884 1222 Ι
1078 1234 1087 1246 ”

247 1355 308 1400 retu.

190 1467 263 1532 ¹29·
290 1445 471 1509 Daedalum
494 1469 531 1509 ex
557 1444 668 1509 Sicilia
690 1443 870 1533 profectum
894 1465 968 1509 cum
988 1442 1105 1509 Minois
1129 1440 1253 1530 fugeret

207 1600 209 1604 -
253 1552 334 1616 iram
357 1567 452 1644 atque
476 1575 560 1642 opes.
578 1554 675 1615 Prisc.
690 1576 789 1638 grona.
806 1552 860 1615 tib.
879 1554 911 1632 6,
926 1576 995 1636 cop.
1012 1550 1051 1614 de
1067 1551 1250 1614 nominatio.

246 1671 307 1717 1111.
393 1662 399 1679 ⁴

190 1763 261 1829 130.
287 1762 431 1827 Dedalus
454 1763 558 1853 primo
584 1761 783 1843 Sardiniam,
805 1775 879 1850 post
902 1761 1025 1828 delatus
1049 1775 1100 1829 est
1123 1761 1268 1846 Cumas„

257 1874 342 1933 Serv.
368 1872 497 1934 Aeneid.

249 1990 310 2035 thid.

189 2081 264 2142 131.
292 2078 456 2166 Gorgonis.
481 2079 529 2143 Id.

252 2196 315 2245 rste.

192 2289 263 2352 132.
290 2287 366 2352 Mox
390 2288 572 2355 Aristaeum
595 2290 756 2379 regnando
780 2289 830 2356 his
850 2312 1042 2382 proxumum
1058 2303 1202 2356 asserunt
1217 2290 1253 2354 ia

259 2397 339 2460 urbe
366 2397 507 2477 Caralis,
531 2420 627 2485 quam
643 2396 826 2462 condiderat
841 2398 928 2486 ipse,
943 2400 1113 2481 conjuncto
1130 2399 1252 2487 populo

255 2505 426 2592 utriusque
454 2505 635 2591 sanguinis,
668 2506 793 2591 sejugas
822 2503 987 2591 usquead
1016 2526 1050 2568 se
1076 2519 1184 2592 gentes
1214 2504 1254 2568 ad

257 2632 359 2674 unum
383 2633 503 2674 morem
526 2614 734 2697 conjugasse,
749 2610 919 2707 imperium
934 2633 972 2698 ex
986 2611 1156 2685 insolentia
1171 2610 1253 2675 nihil

253 2733 451 2807 aspernatas.
477 2718 606 2781 Solinus
630 2710 700 2805 cop.¹
725 2715 755 2793 d.

250 2837 314 2883 astu.

195 2928 265 2992 133.
292 2928 388 2994 Multi
412 2944 485 3017 post
508 2928 665 2994 excidium
691 2929 823 3012 Trojae,
848 2928 933 2993 orbis
957 2927 1080 2996 diversa
1098 2917 1255 3007 lenuere,

261 3036 369 3125 Capys
395 3037 620 3124 Campaniam,
645 3034 786 3100 Helenus
803 3036 957 3124 Epirum,
981 3035 1126 3101 Antenor
1148 3035 1254 3102 Vene-

258 3144 354 3221 tiam,
378 3143 434 3205 alii
459 3142 645 3205 Sardiniam.
673 3146 756 3206 Serv.
782 3142 911 3205 Aeneid.

249 3260 352 3305 Coloniae
362 3262 385 3304 ln
397 3261 517 3306 Sardiniam
526 3264 573 3318 post
583 3264 664 3308 bellom
675 3263 793 3317 Troianum
805 3263 897 3306 missas.

198 3366 270 3444 134.
297 3367 395 3430 Terra
417 3382 504 3455 patet
526 3369 560 3430 in
588 3366 788 3454 longitudine
818 3366 917 3430 millia
947 3366 1058 3450 CXL,
1081 3366 1257 3433 ‘latitudine

260 3475 333 3538 XL.
360 3473 434 3535 Istat.
460 3473 513 3535 lid.
541 3472 600 3553 ad,
624 3499 650 3537 c.
678 3476 706 3537 6.

254 3595 378 3652 Descriptio
388 3593 509 3640 Sardiniae.

198 3702 268 3770 135.
295 3701 333 3764 ln
359 3723 396 3763 ca
420 3724 522 3788 noque
546 3725 674 3791 serpens
698 3702 854 3791 gignitur,
870 3686 974 3791 neque
989 3702 1105 3789 lupus,
1130 3697 1185 3762 sed
1209 3721 1257 3761 so-

260 3809 363 3900 lifuga
387 3823 530 3889 tantum,
553 3809 671 3872 animal
694 3811 860 3897 exiguum,
888 3809 1071 3872 hominibus
1098 3804 1255 3895 pernicio·

263 3940 342 3980 sum.
369 3917 540 3981 Venenum
568 3916 613 3978 ihi
643 3907 770 4006 quoque
798 3940 861 3980 non
890 3917 1049 3994 nascitur,
1073 3914 1135 3979 nisi
1157 3910 1256 3976 herba

263 4045 344 4112 quae
370 4023 491 4090 Sardoa
514 4023 650 4106 dicitur,
679 4047 698 4089 a
722 4024 844 4116 piastro
867 4023 1001 4106 similis,
1025 4044 1106 4113 quae
1131 4042 1256 4089 comesa

766 4194 1269 4464 Δ
