2888 4748
348 351 537 421 aranon
559 350 904 419 Juounrumuu
1118 360 1160 444 9³

76 531 126 574 *ac
142 527 234 594 saepe
249 502 368 593 gratia,
382 501 544 570 interdum
559 501 673 591 jurgiis
688 500 843 567 trahendo
858 517 995 594 tempus,
1004 505 1162 577 ,atrocita-

30 634 32 639 ·
92 631 157 680 tom
171 612 246 679 facti
262 610 429 695 leniehant.
447 609 496 676 Ac
511 611 546 676 ni
563 610 598 675 C.
616 609 806 690 Memmius,
828 610 976 675 tribunus
991 610 1161 699 plebisdc-

17 725 36 778 ¹,
93 721 251 810 signatus,
265 719 315 791 vir
330 743 401 785 acer
424 734 455 785 et
477 718 610 786 infestus
625 717 785 808 potentiae
800 716 985 797 nobilitatis,
1000 720 1160 807 populum

89 827 272 896 Romanum
287 826 466 894 edocuisset
479 827 514 891 id
530 829 594 913 agi,
611 828 659 889 uti
670 850 729 912 per
740 848 858 911 paucos
866 827 1023 908 factiosos
1040 822 1159 912 Iugur·

90 936 164 1000 thoe
181 936 284 1001 scelus
298 934 530 999 condonaretur
543 963 552 1012 3
568 932 711 1022 profecto
727 933 830 998 omnis
845 932 984 1012 intima,
998 926 1162 1022 piolat'an·
1222 954 1224 959 ’

93 1041 144 1109 dis
160 1041 465 1120 consultationibus,
481 1041 602 1130 dilapsa
619 1041 725 1106 foret:
749 1054 835 1104 tanta
857 1039 905 1106 vis'
927 1037 1045 1128 gratiae
1067 1042 1162 1130 atquc

92 1151 249 1239 pecuniae
265 1149 347 1237 regis
363 1162 437 1213 crat.
456 1147 519 1211 Sed
534 1148 591 1212 ubi
607 1163 734 1213 senatus
758 1146 865 1212 delicti
889 1147 1082 1212 conscientia
1105 1171 1161 1237 po-

93 1255 209 1344 pulum
224 1255 325 1332 timet3
339 1255 407 1343 lege
419 1254 606 1343 Sempronia
622 1258 630 1283 ¹
646 1254 829 1344 provinciae
842 1252 958 1320 futuris
975 1255 1161 1320 consulibus

94 1360 247 1426 Numidia
271 1376 364 1449 atque
381 1361 472 1425 ltalia
488 1361 651 1425 decretae:
669 1361 814 1426 consules
830 1361 980 1427 declarati
1001 1363 1037 1425 P.
1053 1361 1163 1451 Scipio

43 1466 52 1520 ἶ
87 1466 276 1548 ttasica,·‘l..
293 1468 399 1534 Bestia
416 1468 610 1557 Calpurnius
620 1496 631 1545 3'
646 1468 821 1558 Calpurnio
838 1468 999 1549 Numidia,
1018 1468 1164 1557 Scipioni

92 1574 189 1640 ltalia
205 1575 341 1641 obvenit.
358 1574 484 1639 Deinde
500 1576 666 1657 exercitus,
687 1577 792 1664 quiin
809 1575 951 1642 Africam
966 1589 1165 1666 portaretur,

52 1721 53 1724 =
95 1681 249 1747 scribitur
259 1681 477 1773 :stipendium
499 1682 625 1771 aliaque
635 1709 648 1764 ·,‘
669 1706 750 1772 quae
772 1683 855 1749 bello
875 1683 950 1749 usui
971 1683 1093 1763 forent,
1113 1681 1167 1747 dee

47 1803 51 1812 '
87 1799 282 1856 cernuntur.
452 1796 455 1802 '
729 1789 733 1799 '
967 1836 969 1842 ·

97 1932 102 1940 ·
143 1896 259 1961 XXX.
284 1895 508 1986 maguntia,
530 1911 639 1962 contra
656 1920 744 1987 spem
760 1897 877 1963 nuncio
901 1900 1049 1988 eccepto,
1072 1896 1165 1988 quip-

97 2001 221 2092 pecui,
237 2002 358 2066 Romae
375 2004 481 2065 omnia
499 2005 619 2085 venire,
634 2006 668 2069 in
690 2006 795 2069 animo
818 2005 981 2082 haeserat3
1003 2003 1108 2069 filium
1136 2019 1167 2070 et

51 2128 63 2134 ··
91 2130 176 2192 lcum
199 2130 248 2171 eo·
261 2107 341 2173 duos
364 2108 535 2174 familiares
551 2111 591 2175 ad
612 2127 756 2177 senatum
777 2113 896 2201 legatos
912 2111 1026 2188 mittit3
1043 2111 1167 2200 iisqne,

98 2213 147 2280 uti
163 2213 227 2279 illis
238 2265 247 2296 ,
258 2238 342 2304 quos
357 2216 539 2305 Hiempsale
554 2219 719 2285 interfecto
736 2219 874 2299 miserat,
888 2218 1054 2309 praecipit,
1064 2222 1165 2281 omnis
1248 2265 1250 2267 .

53 2342 56 2347 '
100 2322 394 2408 mortaliopecunio
414 2324 660 2410 adgrediuntur.
676 2325 741 2409 Qui
762 2340 930 2415 postquam
953 2326 1100 2389 Romam
1114 2324 1166 2403 ad·

97 2429 281 2506 tentabant3
300 2432 568 2496 senatuschstia
585 2432 748 2495 consultus
764 2446 822 2509 est,
835 2433 978 2517 placeret
992 2456 1031 2495 ne
1048 2432 1168 2516 legatos

98 2534 273 2619 Jugurthae
289 2540 390 2622 recipi
411 2537 598 2600 moenibus?
621 2537 709 2626 iique
733 2537 918 2618 decrevere,
944 2541 1013 2603 ttici
1036 2550 1166 2623 regnum

98 2643 286 2727 ipsumque·
300 2643 441 2708 deditum
457 2645 624 2723 venissent,
639 2648 688 2708 uti
702 2647 735 2708 in
752 2645 1042 2731 dicd'us'prcxumis
1059 2645 1167 2707 decem

100 2749 201 2813 Italia
212 2749 541 2814 decederentConsul
548 2751 695 2816 Numidis
711 2775 748 2817 ex
764 2752 865 2816 senati
880 2752 1005 2818 dccreto
1021 2751 1170 2817 nunciari

101 2855 197 2939 jubet.
215 2856 263 2919 lta
279 2855 403 2923 infectis
419 2858 524 2938 rebus,
536 2858 590 2939 ¹illi
608 2860 736 2925 domum
752 2858 927 2925 discedunt.
946 2860 1078 2924 Interim
1098 2859 1170 2922 Gal-

99 2961 259 3050 purnius,
280 2977 390 3051 parato
415 2966 573 3046 exercitu,
589 2967 674 3056 legat
695 2963 783 3032 sibi-³
797 2967 941 3032 homines
961 2965 1170 3046 nobiles,'fa·

100 3067 390 3156 cticsos,'quorum
407 3071 610 3154 auctoritate,
628 3098 710 3163 quae
728 3074 931 3162 deliquisset,
952 3067 1078 3137 munita
1103 3070 1170 3136 sore
1202 3136 1204 3141 .

99 3173 266 3262 sperabat:
290 3177 323 3239 in
342 3179 433 3264 queis
455 3179 516 3244 fuit
542 3181 701 3260 Scaurus,
718 3184 810 3263 cujus
828 3181 867 3244 de
883 3183 996 3244 natura
1012 3194 1044 3244 ct
1058 3177 1170 3266 habitu

99 3301 198 3367 supra
213 3285 465 3349 memoravimus.
483 3286 563 3349 Nam
580 3287 613 3350 in
630 3288 761 3352 consule
782 3301 890 3350 nostro
915 3287 1033 3351 multae
1057 3286 1175 3349 bonae-

97 3409 159 3475 que
176 3399 258 3449 artes
275 3387 371 3450 animi
382 3405 412 3454 ct
428 3394 570 3480 corporis
585 3411 695 3458 erant:
713 3418 792 3482 quas
810 3395 913 3458 omnis
931 3394 1064 3460 avaritia
1080 3414 1170 3482 prae-

98 3493 255 3583 pediebat·
282 3492 308 3556 P
311 3494 411 3569 aliens
435 3496 601 3580 laborum,
624 3502 689 3567 acri
713 3501 861 3590 ingenio,
886 3503 961 3566 satis
983 3499 1173 3590 providens,

122 3694 131 3729 t
154 3674 228 3750 Lege
248 3693 265 3729 a
283 3674 454 3751 Sempronio
482 3678 615 3737 Graccho
674 3681 895 3757 aJugurtham.

98 3750 155 3806 lata
176 3750 293 3826 singulis
313 3753 395 3808 annis
413 3767 526 3810 senatus
538 3757 616 3812 futu·
673 3757 690 3813 3
710 3758 749 3812 Le
770 3755 830 3814 alos
853 3759 906 3814 sibi
925 3754 1049 3814 assumit.
1073 3752 1169 3810 Habe·

99 3827 140 3881 ris
170 3826 336 3884 consulibus
360 3827 432 3884 duas
454 3831 615 3906 provincias
653 3833 724 3890 bant
743 3778 830 3889 duces
850 3853 900 3889 seu
918 3828 1170 3910 imperatores'ad·

99 3899 288 3968 decernebat:
310 3923 357 3961 eas
380 3907 466 3962 creati
484 3909 616 3966 consules
653 3913 767 3986 junctos
786 3909 839 3965 sibi
861 3910 949 3978 viros,
962 3925 1087 3982 quorum
1106 3925 1170 3962 mu-

99 3975 305 4047 sortiehantur;
323 3981 478 4055 aliquando
489 4003 557 4043 vero
569 3985 613 4046 in·
652 4006 707 4042 nus
719 3998 779 4042 erat
795 3984 956 4048 consulere,
965 3981 1174 4049 administrare,

99 4064 143 4126 ‚lflr
154 4070 183 4111 ⁵⁸
195 4051 230 4112 de
241 4052 297 4118 illis
306 4059 521 4128 conveniebant.
555 4094 556 4098 κ
651 4080 799 4142 pracesse:
817 4061 837 4120 ii
849 4062 941 4139 legati
954 4057 1139 4143 dicebantur«
