2888 4748
560 555 866 668 ORATIO

421 797 665 877 macor
716 791 1007 869 ureturr

570 1012 710 1061 ramum
731 1011 842 1054 Pteme

549 1207 625 1275 AD
666 1205 897 1274 PLEBEM

468 1427 513 1471 DE
534 1425 760 1470 susurronum
782 1420 973 1467 rumuNATu

230 1645 257 1716 l.
271 1603 348 1731 Sr,
364 1644 527 1733 Quirites,
550 1669 666 1738 parum
690 1643 942 1724 existumaretis,
965 1638 1045 1731 quid
1064 1638 1147 1706 inter
1169 1645 1256 1726 jusa'

166 1819 167 1823 ,
183 1757 360 1842 majoribus
376 1755 636 1835 relictumvobis,
652 1768 684 1818 et
698 1753 760 1816 hoc
775 1776 794 1814 a
804 1752 894 1815 Sulla
910 1739 1057 1838 paratum
1073 1735 1257 1816 servitium¹

183 1863 370 1945 interesset,
385 1862 494 1928 multis
510 1860 591 1928 mihi
613 1856 832 1939 disserendum
856 1855 969 1919 fuisset
994 1853 1259 1946 docendumque,'

186 1994 269 2060 quas
291 1972 332 2034 ob
352 1970 488 2052 injurias
519 1981 550 2031 et
574 1965 720 2054 quotiens
743 1987 762 2028 a
785 1961 930 2053 patribus
951 1977 1071 2027 armata
1084 1964 1193 2053 plebes
1210 1988 1257 2029 se-

184 2077 333 2141 cessisset
354 2080 378 2151 '3
394 2074 505 2162 utique
520 2071 664 2139 vindices
679 2071 855 2161 paravisset
876 2069 978 2135 omnis
994 2070 1075 2154 juris
1091 2071 1142 2135 sui
1156 2070 1258 2136 tribu.

186 2203 245 2247 nos
260 2179 371 2271 plebis.
389 2179 484 2245 Nunc
498 2179 620 2244 hortari
635 2179 730 2244 modo
746 2179 907 2268 reliquum
916 2192 974 2259 est,
990 2192 1022 2242 et
1036 2178 1082 2243 ire
1098 2165 1257 2268 primum³

188 2287 259 2367 via,
274 2312 338 2378 qua
354 2286 585 2377 capessundam
608 2287 744 2358 arbitror
766 2287 952 2351 libertatem.
975 2286 1086 2375 Neque
1102 2308 1152 2350 me
1168 2308 1257 2376 prae·

187 2395 283 2474 terit,
299 2409 434 2485 quantas
450 2418 526 2485 opes
541 2394 716 2459 nobilitatis
733 2393 852 2474 solum,
867 2394 1030 2482 inpotens,
1046 2393 1136 2457 inani
1151 2393 1259 2483 speeie

186 2503 410 2592 magistratus,
431 2503 550 2591 pellere
574 2500 791 2565 dominatione
813 2500 987 2589 incipiam;
1009 2515 1193 2590 quantoque
1208 2515 1259 2567 tu·

186 2609 253 2676 tius
269 2608 365 2674 factio
381 2608 551 2674 noxiorum
566 2623 659 2699 agat,
675 2631 771 2698 quam
787 2607 861 2673 soli⁵
874 2607 1068 2673 innocentes.
1088 2608 1152 2673 Sed
1166 2632 1258 2699 prae·

187 2728 237 2782 ter
253 2738 342 2807 spem
356 2717 475 2783 bonam
490 2739 528 2782 ex
542 2717 651 2798 robis,
673 2740 755 2806 quae
778 2729 900 2780 metum
922 2714 1017 2795 vicit,
1039 2716 1136 2782 statui
1160 2731 1260 2783 certa-

187 2824 285 2916 minis
306 2822 462 2891 advorsa⁶
486 2847 546 2914 pro
568 2824 713 2889 libertate
736 2822 862 2913 potiora
878 2845 946 2887 esse
961 2821 1037 2887 forti
1057 2823 1146 2905 viro,
1163 2848 1259 2913 quam

188 2932 320 2997 omnino
336 2953 401 2996 non
417 2946 562 2997 certasse.
581 2932 785 3020 Quamquam
800 2953 909 2996 omnes
926 2929 982 2996 alii
998 2931 1096 2998 creati
1111 2955 1171 3022 pro
1187 2935 1259 3016 jure

187 3055 293 3108 restro
308 3039 375 3107 vim
391 3052 539 3104 cunctam
554 3052 586 3103 et
599 3039 734 3129 imperia
751 3062 826 3120 sua,
841 3038 942 3128 gratia
957 3053 1013 3104 aut
1027 3061 1083 3130 spe
1098 3053 1154 3104 aut
1168 3061 1260 3129 prae·

186 3147 261 3211 miis
275 3151 298 3227 l,
313 3147 348 3210 in
362 3170 420 3214 ros
435 3159 640 3226 convortere;
655 3147 834 3237 meliusque
849 3147 978 3229 habent,
998 3145 1143 3215 mercede
1158 3146 1261 3220 delin·,

189 3275 308 3340 quere,
324 3277 421 3340 quam
435 3254 533 3344 gratis
547 3268 634 3320 recte
649 3253 761 3319 faeere.

187 3433 246 3490 bus
264 3432 409 3508 integrum
427 3452 487 3488 non
513 3431 567 3490 fuit
586 3433 708 3490 classem
764 3433 782 3491 3
803 3435 897 3495 Idest:
918 3435 997 3493 Ante
1017 3443 1127 3496 omnia.

190 3521 303 3565 tantam
315 3527 503 3585 comparare,
517 3527 592 3581 quae
605 3511 707 3576 Piretis
764 3510 784 3583 4
803 3513 931 3570 Rclietns
951 3513 988 3569 ab
1009 3513 1078 3571 aliis.

188 3585 320 3641 resistere
333 3597 362 3642 et
377 3593 551 3642 commeatus
563 3586 651 3644 tutari
662 3605 707 3644 sa·
765 3587 782 3645 5
804 3591 892 3646 Solos
905 3589 1026 3666 opponit
1026 3592 1172 3664 factioni.

189 3661 343 3737 lisposset
764 3667 783 3723 6
804 3666 885 3734 Quae
897 3685 997 3741 aspera
1014 3678 1045 3720 et
1061 3666 1172 3741 ingrata
1185 3662 1256 3719 acci·

212 3757 223 3792 r
247 3735 706 3811 Quijuslibertatisimminuerat‚
745 3739 813 3797 dere
825 3741 916 3799 solent
935 3741 965 3795 in
985 3741 1138 3798 certamine
1157 3759 1210 3818 pro
1223 3738 1261 3797 li-

191 3823 222 3866 et
239 3812 370 3868 tribunos
392 3811 484 3889 plebis
496 3814 575 3869 omni
585 3815 643 3871 sere
652 3836 707 3892 po·
746 3817 857 3873 bertate
877 3837 916 3874 ec.

192 3898 293 3944 testate
305 3888 472 3948 nudaverat.
764 3913 780 3968 7
798 3897 1050 3967 Depravati,cum
1066 3892 1259 3970 optimatibus

213 3979 230 4016 2
251 3961 295 4107 Dp
313 3963 406 4038 plebis
424 3966 630 4030 secessionibus
640 3965 706 4032 ride
732 3969 859 4047 faciunt
870 3979 978 4030 contra
989 3989 1053 4031 eor.

196 4055 261 4116 pag.
292 4057 369 4109 o.,n.
393 4060 418 4122 ι.1

238 4153 266 4200 r.
282 4153 306 4196 1.
1037 4137 1079 4218 14
