2888 4748
227 278 293 371 ¹74
511 242 560 342 νὀ.
586 275 735 344 cnrsrr
761 269 1005 344 sauxusrn

222 466 336 530 eorum
357 416 488 511 nomina
501 443 633 535 publice
646 443 836 547 proposuit,
851 467 933 545 quos
949 443 1041 510 coedi
1063 443 1296 528 destinaverat,¹

220 575 337 644 magna
352 543 618 618 interfectoribus
626 552 768 643 praemia
784 537 955 642 pollicitus.
973 549 1067 616 Italia
1090 568 1206 618 cuncta
1222 553 1294 620 san·

220 660 319 751 guine
341 658 540 726 redundavit.
567 659 737 724 Senatores
761 660 935 749 nonaginta
960 673 1055 748 atque
1076 661 1221 750 equitum
1243 661 1296 728 bis
1367 688 1369 692 ’

220 767 309 835 mille
332 782 363 834 et
386 768 525 833 sexcenti
548 767 653 845 caesi‚·
677 790 789 832 eorum
811 767 896 831 bona
919 767 1048 836 vendita
1066 782 1122 833 aut
1136 767 1293 857 dilargita.

220 877 341 966 Magna
354 873 520 956 Etruriae,
538 873 681 956 Samnii,
706 875 918 965 Campaniae,
934 874 1090 940 Umbriae
1114 890 1146 940 et
1170 876 1296 941 Galliae

218 983 406 1074 Cisalpinae
419 1006 514 1074 pars,
527 982 689 1050 veteribus
709 982 848 1050 dominis
873 981 1032 1074 expulsis,
1056 982 1090 1047 in
1106 982 1223 1048 milites
1247 982 1296 1046 di-

220 1091 357 1158 stributa
372 1104 427 1156 est.
445 1088 570 1156 Latinis
593 1091 748 1172 urbibus,
771 1113 869 1179 quam
891 1089 1003 1156 sociali
1025 1090 1110 1154 bello
1133 1090 1296 1158 civitatem

219 1200 354 1289 adeptae
373 1198 516 1279 fuerant,
539 1199 676 1288 eripuit,
691 1199 889 1286 eandemque
906 1197 1162 1288 proscriptorum
1186 1197 1296 1262 decem

219 1307 363 1374 millibus
392 1329 557 1373 servorum
580 1306 687 1388 dedit,
711 1330 792 1395 quos
816 1330 874 1396 per
896 1305 1001 1372 varias
1024 1305 1129 1370 tribus
1153 1304 1296 1370 familiae

106 1404 111 1413 ⁵
220 1435 297 1482 suae
321 1414 450 1480 nomine
480 1413 669 1504 dispertivit.
702 1415 867 1478 Romanae
896 1411 1002 1502 plebi,
1032 1435 1074 1477 ne
1105 1412 1295 1478 tribunitiae

220 1521 352 1621 quidem
374 1521 539 1613 potesta-tis
564 1544 681 1586 nomen
704 1521 855 1610 reliquit:
880 1519 1043 1609 equitibus
1071 1518 1229 1604 judicium
1251 1518 1298 1584 se-

107 1671 110 1686 =
219 1627 345 1696 rendi
335 1653 388 1715 lus
411 1628 564 1710 abstulit,
592 1627 680 1719 quod
709 1627 761 1695 rel
790 1627 871 1693 ab
862 1651 934 1718 ipso
967 1625 1191 1704 Gracchorum
1219 1624 1298 1692 tedr-

218 1759 299 1827 pore
321 1735 449 1805 fuerant
479 1736 638 1804 assecuti.
668 1737 892 1805 auctoritatem
921 1757 1050 1804 omnem
1077 1734 1225 1827 patribus
1253 1748 1299 1801 at-

220 1843 343 1915 tribuit.

266 1950 457 2045 Imperio
432 1976 479 2018 arc
493 1917 680 2035 constituto,
696 1976 771 2020 cum
787 1977 893 2044 neque
908 1952 1088 2020 amicorum
1103 1972 1299 2042 quemquam

219 2059 290 2127 sine
312 2061 475 2154 praemio,
499 2084 636 2151 neque·
629 2061 936 2129 adversariorum'
910 2086 981 2129 sme
1004 2082 1111 2152 poena
1126 2059 1301 2126 dimisisset

218 2167 375 2249 dictator,
390 2167 502 2234 solidis
517 2168 661 2233 innixam
677 2167 894 2235 fundamentis
910 2169 1090 2258 potentiam
1105 2187 1214 2248 suam,
1228 2189 1302 2255 par-

220 2275 328 2369 tisque
351 2298 428 2345 suae
451 2274 654 2365 triumphum
677 2275 830 2341 extulisse
853 2276 1028 2360 jactitabat.
1051 2273 1185 2341 Interim
1208 2273 1302 2339 Sulla

220 2384 352 2453 tertium
375 2383 489 2450 consul
512 2383 696 2473 designatus
725 2383 915 2472 dignitatem
943 2383 1007 2449 sibi
1034 2383 1174 2449 oblatam
1201 2405 1299 2470 repu-

220 2491 322 2559 diavit
330 2542 353 2574 ,‚
363 2490 547 2582 creavitque
572 2491 747 2581 Servilium
770 2505 802 2556 et
828 2490 1003 2558 Claudium
1027 2490 1184 2558 consules.
1212 2489 1300 2555 'lum

220 2602 364 2691 primum
386 2622 497 2666 rumor
520 2598 583 2682 fuit
598 2589 787 2666 dictatorem
811 2591 975 2666 ultionum
991 2622 1030 2666 ac
1043 2599 1207 2689 potentiae
1230 2621 1304 2690 per-

222 2721 348 2773 taesum
362 2707 588 2798 abdicaturum
603 2730 637 2772 sc
653 2707 849 2796 magistratu.
868 2709 955 2774 Hinc
971 2708 1137 2773 Marianae
1151 2706 1303 2772 factionis

223 2815 380 2908 reliquiae
394 2815 577 2906 paullulum
591 2814 741 2895 recreari,
758 2838 840 2903 quae
856 2830 944 2882 metu
960 2816 1076 2883 tacitae
1091 2815 1229 2900 injurias
1252 2812 1302 2876 ul-

225 2915 368 2993 ciscendi
390 2937 518 3012 tempus
542 2921 758 3012 expectabant

238 3102 241 3110 ,
272 3032 351 3097 Erat
374 3045 452 3116 tunc
467 3030 621 3119 temporis
637 3029 759 3095 Rornae
775 3018 820 3096 M.
838 3029 999 3098 Aemilius
1014 3030 1176 3120 Lepidus,
1191 3050 1301 3094 rerum

225 3162 385 3219 novarum
407 3137 566 3228 cupidus,
581 3137 677 3203 homo
693 3162 796 3205 vanus
819 3120 874 3203 ille
891 3137 1021 3226 quidem
1045 3152 1077 3203 et
1093 3137 1304 3225 ambitiosus,

227 3261 262 3316 at
283 3248 318 3313 in
333 3245 477 3314 consiliis
494 3246 561 3314 suis
582 3246 767 3313 occulendis
789 3245 885 3314 vafer.
909 3238 972 3311 Hic
996 3245 1093 3311 Marii
1115 3261 1223 3337 partes
1247 3267 1301 3310 an·

228 3370 279 3424 tea
296 3369 444 3436 secutus,
467 3354 507 3420 ab
530 3379 568 3422 eo
586 3354 786 3434 ⁴aedilitatem
806 3355 1006 3434 obtinuerat3
1027 3378 1101 3422 mox
1126 3355 1236 3421 Sullae
1255 3352 1303 3420 vi-

229 3465 339 3537 ctoriis
362 3463 521 3554 acceptis,
543 3463 679 3530 consilio
701 3462 850 3553 protinus
871 3462 1040 3529 immutato
1050 3468 1154 3548 ,ejus
1178 3487 1213 3529 se
1236 3475 1303 3526 stu

228 3572 448 3680 dionissimum
470 3566 643 3664 praebuit,
670 3586 702 3636 et
724 3564 980 3661 proscriptorum
1008 3572 1094 3639 bona
1117 3571 1175 3638 vili
1197 3569 1302 3660 pretio

228 3680 315 3760 iuter
342 3665 465 3772 primos
495 3695 654 3765 mercatus
678 3694 734 3745 cst.
759 3679 872 3769 Itaque
894 3695 1080 3770 praeturam
1109 3693 1142 3746 et
1172 3677 1303 3743 Siciliae

185 3863 188 3869 ,
230 3790 431 3888 provinciam
469 3804 658 3882 assecutus,
694 3811 760 3853 non
791 3791 861 3855 sine
890 3790 1013 3880 rapinis
1050 3811 1089 3853 ac
1127 3785 1304 3852 sceleribus

232 3898 474 3968 administrarit.
499 3899 550 3963 lbi
572 3898 694 3990 ingenti
717 3898 788 3966 auri
810 3899 844 3968 vi
865 3898 1004 3967 conflata
1026 3896 1164 3962 Romam
1187 3894 1304 3976 rediit,

232 4007 437 4076 consulatum
458 4007 627 4101 petiturus.
651 4008 742 4085 Nihil
767 4009 807 4079 ab
828 4033 866 4078 eo
880 4005 1143 4103 praetermissum
1159 4020 1222 4088 est,
1238 4026 1325 4097 quo¹

79 4390 241 4464 A
