2888 4748
408 324 597 405 neuneu
620 282 956 404 reccaredum
1152 340 1243 419 105=

117 496 119 500 ’
147 490 345 587 dugunbam
368 489 542 560 etmederi
565 490 721 556 fraternae
743 489 881 556 invidiae
905 496 914 521 ¹
938 488 1044 556 animo
1068 490 1216 576 ardebat,

151 602 290 694 cognitie¹
308 601 483 679 militibus,
506 621 587 688 quos
601 612 725 689 praeter
739 596 867 686 lugam,
890 598 994 663 soluto
1018 599 1165 688 imperio,
1179 601 1217 665 li·

151 711 255 777 centia
278 723 374 800 atque
396 706 528 773 lascivia
552 718 755 795 corruperat,
777 727 816 768 ex
838 706 930 795 copie
945 725 1052 770 rerum
1066 713 1078 737 '
1092 704 1218 792 statuit,

151 816 233 884 nihil
256 817 318 882 sibi
341 813 534 904 agitandum
848 824 849 827 ’

198 924 325 992 xilva
349 923 475 987 Interea
489 921 611 985 Rornae
628 917 664 983 C.
680 914 844 983 Mamilius
868 918 1218 990 Limetanns'tribunue

152 1032 257 1122 plebis
279 1028 476 1118 rogationem
496 1025 537 1090 ad
557 1025 714 1115 populum
737 1025 934 1115 promulgat,
950 1030 999 1090 uti
1013 1045 1219 1114 quaereretur

151 1143 186 1204 in
209 1162 262 1203 eos
274 1177 285 1216 5
307 1158 441 1223 quorum
464 1133 597 1197 consilio
613 1133 769 1219 Jugurtbc
784 1134 887 1196 senati
908 1133 1036 1198 decreta
1059 1135 1218 1222 neglectr-

151 1263 229 1324 setg.
247 1244 365 1331 quique
389 1241 429 1306 ub
454 1265 491 1306 eo
514 1241 549 1304 in
572 1239 783 1325 legationibus
804 1255 862 1314 cut
892 1241 1032 1327 imperiis
1062 1245 1219 1328 pecunias

150 1354 346 1439 accepissent
354 1379 364 1428 3
386 1351 443 1436 qui
465 1348 665 1434 elephantos,
688 1349 806 1435 quique
828 1350 977 1436 perfugas
1000 1349 1220 1430 trudidireente

150 1462 226 1524 item
258 1459 315 1546 qui
344 1457 383 1522 de
410 1481 512 1544 paee,
539 1470 597 1518 cut
619 1455 704 1520 bello
728 1481 798 1520 cum
824 1456 964 1520 hortibus
985 1459 1150 1542 pactiones
1164 1458 1221 1542 fe·

152 1569 279 1630 cissent.
296 1564 381 1630 Huic
396 1562 554 1654 rogationi
569 1545 685 1654 partim
700 1563 821 1629 conscii
840 1562 919 1644 sibi,
943 1563 998 1629 alii
1021 1564 1223 1654 expertium

153 1671 275 1739 invidia
296 1671 440 1763 pericula
463 1685 658 1752 metuentes,
681 1671 833 1760 quoniam
856 1683 963 1760 aperte
986 1667 1142 1736 resistere
1155 1690 1222 1736 nou

148 1793 318 1871 poterant,
341 1780 420 1869 quin
443 1779 500 1843 illa
522 1792 554 1844 et
577 1778 638 1842 alia
654 1777 729 1842 talia
744 1778 869 1867 placere
886 1777 946 1841 sibi
961 1776 1153 1858 faterentur,
1169 1799 1221 1843 oe·

154 1885 240 1952 culte
254 1899 313 1977 per
328 1886 466 1966 amicos,
489 1909 527 1951 ac
546 1907 691 1949 maxume
709 1908 768 1975 per
790 1883 935 1948 homines
958 1885 1096 1949 nominis
1112 1880 1185 1949 Lati
1206 1885 1223 1949 ‘i

156 1983 189 2058 et
204 1993 306 2058 socios
322 1992 451 2056 Italicos
466 1989 681 2081 inpedimenta
696 1990 857 2080 parabant.
884 1989 948 2055 Sed
969 1991 1097 2080 plebes,
1120 1906 1212 2059 iness'

153 2098 254 2163 dibile
276 2111 451 2163 memoratu
476 2110 548 2177 eet,
571 2119 667 2185 quam
694 2097 815 2163 intenta
846 2096 941 2163 fuerit
977 2111 1159 2187 quantaque
1187 2097 1222 2165 ri

156 2205 353 2294 rogationem
375 2204 521 2289 jusserit,
536 2203 727 2285 decreverit,
741 2204 896 2285 voluerit,
911 2204 1010 2294 magis
1035 2203 1107 2270 odio
1132 2204 1220 2269 nobi·

154 2311 273 2392 litatis,
296 2311 349 2376 cui
372 2310 455 2376 mala
477 2310 533 2375 illa
555 2311 767 2400 parabantur,
791 2333 887 2400 quarn
902 2334 979 2375 eura
995 2310 1221 2400 Reipublicae·

155 2433 243 2485 tanta
269 2417 380 2483 lubido
399 2419 433 2482 in
454 2416 600 2508 partibus
616 2430 690 2482 erat
707 2416 829 2505 Igitur,
853 2416 964 2482 ceteris
988 2431 1075 2482 metu
1097 2417 1222 2507 percul-
1316 2467 1318 2471 a

89 2512 95 2522 ’
153 2526 219 2605 sis,
242 2525 286 2589 Μ.
305 2517 461 2604 Scaurus,
484 2545 580 2613 quem
602 2524 742 2613 legatum
765 2522 890 2589 Bestiae
910 2521 1012 2589 fuisse
1036 2546 1135 2613 supra
1157 2544 1223 2590 me·

92 2624 98 2630 ’
156 2631 359 2712 moravimus,
368 2631 450 2696 inter
464 2631 615 2695 laetitiam
630 2624 757 2720 plebie³
773 2645 805 2696 et
819 2653 950 2695 suorum
965 2630 1085 2719 fugam,
1098 2630 1223 2721 trepida

155 2738 252 2808 etiam
275 2751 343 2803 tum
367 2738 512 2820 civitate,
526 2757 600 2804 cnm
616 2761 654 2802 ex
669 2736 855 2803 Mamiliana
869 2737 1033 2827 rogatione
1048 2751 1112 2803 tres
1128 2760 1223 2828 quae·

153 2845 268 2910 nitores
283 2840 295 2880 ⁴
308 2858 514 2934 rogarentur,
529 2843 696 2926 effecerat,
715 2859 752 2910 nt
766 2845 836 2934 ipse
850 2844 883 2909 in
900 2867 937 2909 eo
953 2866 1085 2911 numero
1102 2834 1228 2910 creare·

155 2964 215 3017 tur.
242 2949 323 3031 sed,
347 2952 532 3041 quaestione
555 2952 691 3016 exercita
714 2952 851 3042 aspere⁵
872 2950 1091 3040 violenterque
1114 2974 1150 3016 ex
1169 2971 1221 3014 ru·

154 3057 242 3125 more
257 3066 268 3102 ⁶
283 3073 315 3123 et
329 3058 472 3124 lubidine
487 3057 607 3149 plebis,
628 3072 665 3123 ut
687 3081 780 3148 saepe
795 3058 1011 3138 nobilitatem,
1032 3058 1079 3123 sic
1094 3080 1131 3122 ea
1145 3071 1221 3122 tem·

88 3240 90 3244 .
153 3178 275 3256 pestate
297 3165 422 3253 plebem
447 3188 483 3231 ex
507 3163 655 3231 secundis
679 3165 774 3230 rebus
797 3165 966 3228 insolentia
991 3178 1128 3255 ceperat,
1268 3162 1272 3169 ’

200 3271 306 3337 XLV.
333 3272 483 3337 Ceterum
504 3259 516 3304 ⁹
537 3293 606 3336 mos
629 3272 769 3360 partium
792 3271 997 3360 popularium
1013 3287 1044 3338 et
1060 3271 1161 3337 senati
1175 3270 1220 3337 fa·

153 3378 316 3459 clinnum,
339 3401 376 3444 ac
399 3377 513 3443 deinde
537 3377 680 3442 omnium
695 3376 850 3442 malarum
866 3378 998 3460 artium,
1016 3380 1129 3469 paucis
1149 3393 1222 3449 ante

175 3563 189 3600 ι
211 3538 355 3598 Delictum
375 3540 469 3597 fratris
481 3531 669 3614 corrigendo,
725 3536 742 3596 5
763 3530 955 3616 Calpurnius,
973 3540 1095 3598 Albinus
1107 3555 1135 3600 et
1147 3542 1220 3621 Opi-

157 3630 186 3678 et
199 3637 265 3687 cum
277 3616 423 3693 Jugurtha
439 3629 489 3672 nut
505 3614 647 3670 deditione
661 3655 669 3679 ,
706 3614 780 3670 mins
792 3616 821 3670 in
834 3615 950 3672 exilium
961 3618 1016 3673 acti
1027 3618 1152 3674 fuerunt.

156 3706 208 3748 aut
223 3693 326 3768 quovis
347 3692 433 3750 modo
451 3689 560 3748 bellum
579 3689 668 3750 conli-
725 3691 744 3746 6
764 3692 853 3748 Prout
863 3693 986 3768 quisque
997 3692 1128 3753 conscius
1149 3692 1219 3753 deliq

156 3767 264 3829 ciendo.
674 3805 680 3816 »
706 3777 819 3823 crorum
830 3767 1219 3837 samalerebatur,itaineum

178 3844 270 3900 aPro
281 3865 377 3904 rerum
387 3845 556 3908 conditione.
706 3840 978 3902 animadvertebant.
1040 3861 1044 3867 ·
1218 3847 1224 3859 ²

174 3916 194 3976 3
215 3919 263 3976 Ob
274 3920 364 3998 legem
375 3922 537 3982 Mamiliam.
725 3940 742 3998 7
761 3917 903 3988 Quoniam
910 3915 1080 3975 seditionum
1087 3921 1218 3980 etsactio·

175 3995 193 4063 4
214 3995 270 4063 Qui
281 3997 458 4081 inquirerent
468 4001 498 4061 in
506 3993 667 4074 iugurthae
704 4015 775 4051 narn
787 3996 892 4051 mentio
904 3993 1012 4062 incidit,
1024 4014 1120 4053 earum
1132 4000 1217 4076 origi-

155 4069 287 4132 t‘eutores.
705 4089 771 4128 nem
783 4085 811 4129 et
820 4089 919 4134 causas
931 4067 1028 4147 aperit.
