2888 4748
401 329 589 396 ernnust
612 324 954 421 rucunrurnun
1123 336 1206 421 v107

181 483 306 552 XLVI.
331 481 412 546 Nam
435 495 604 572 postquam
629 479 775 544 Tiberius
800 494 830 544 et
856 480 891 543 G.
918 476 1100 560 Gracchus,
1125 503 1204 569 quo·

132 615 203 658 rum
225 594 361 675 majores
375 589 499 654 Punico
519 602 613 678 atque
637 585 707 651 aliis
730 586 821 650 bellis
837 586 974 652 multum
990 587 1204 676 Reipublicae

136 697 347 777 addiderant,
375 694 536 763 vindicare
552 694 690 786 ,plebem
713 693 747 757 in
770 692 948 758 libertatem
971 706 1002 757 et
1025 716 1204 783 paucorum

134 804 252 871 scelera
274 801 451 894 patefacere
474 824 631 891 coepere:
655 792 803 865 nobilitas
827 799 940 880 noxis,
963 813 1058 887 atque
1075 823 1113 863 eo
1130 825 1204 888 per·

134 910 241 991 culsa,
264 909 358 975 modo
382 932 439 999 per
463 908 566 975 socios
590 896 758 974 nonomen
775 907 945 985 Latinum,
968 904 1128 971 interdum
1144 928 1205 995 per

134 1017 255 1104 equites
280 1016 460 1093 Romanos,
483 1039 562 1103 quos
579 1039 649 1104 spes
666 1013 823 1079 societatis
839 1030 848 1054 ¹
865 1036 883 1077 a
898 1012 989 1101 plebe
1005 1011 1205 1094 dimoverat,

137 1123 358 1187 Gracchorum
382 1120 559 1185 actionibus
580 1120 706 1186 obviam
722 1121 801 1184 ierat
820 1145 826 1182 :
851 1134 882 1184 et
897 1119 1000 1208 primo
1018 1118 1208 1200 Tiberium,

132 1227 209 1292 dein
232 1251 352 1316 paucos
375 1242 448 1317 post
471 1249 571 1291 annos
595 1226 704 1291 eadem
727 1225 956 1314 ingredientem
973 1237 984 1261 ⁶
999 1225 1132 1308 Cajum,
1147 1225 1208 1291 tri-

134 1334 258 1397 bunum
274 1333 428 1414 alterum,
452 1333 586 1398 alterum
602 1332 804 1399 triumvirum
819 1339 831 1377 ³
846 1332 980 1397 coloniis
996 1330 1208 1412 deducendis,

135 1461 209 1504 eum
234 1440 278 1503 M.
303 1440 419 1505 Fulvio
443 1439 559 1505 Flacco
583 1439 666 1504 ferro
690 1452 864 1505 necaverat.
881 1438 923 1501 Et
938 1460 1014 1502 sane
1031 1438 1208 1519 Gracchis,

136 1545 288 1636 cupidine
309 1545 479 1627 victoriae,
501 1545 589 1612 haud
612 1545 687 1611 satis
710 1545 891 1610 moderatus
910 1545 1034 1608 animus
1050 1543 1119 1610 fuit.
1138 1544 1207 1611 Sed

135 1652 219 1717 bono
237 1652 346 1720 ⁴vinci
370 1652 468 1718 satius
492 1668 558 1733 est,
582 1675 678 1743 quarn
693 1652 776 1718 malo
793 1675 880 1717 more
895 1652 1046 1734 injuriam
1061 1652 1203 1716 vincere.

51 1839 53 1843 7
136 1754 238 1847 Igitur
254 1783 290 1824 ea
305 1759 439 1825 victoria
454 1760 602 1824 nobilitas
619 1784 656 1825 ex
671 1758 814 1824 lubidine
829 1782 887 1823 sua
903 1781 971 1837 usa,
987 1757 1103 1821 multos
1119 1778 1208 1822 rnor-

88 1914 93 1926 .
135 1864 207 1929 talis
223 1865 306 1930 ferro
322 1881 377 1932 eut
392 1866 467 1954 fuga
483 1866 647 1942 exstinxit3
660 1865 798 1956 plusque
811 1864 844 1927 in
858 1864 1018 1952 reliquum
1034 1863 1095 1926 sibi
1113 1865 1206 1931 timo-

139 1971 202 2050 ris,
226 1993 322 2059 quam
344 1972 522 2059 potentiae,
546 1971 674 2036 addidit.
695 1972 786 2054 Quae
800 1994 851 2034 res
866 1969 1055 2060 plerumque
1070 1988 1206 2060 magnas

137 2076 280 2141 civitates
302 2099 432 2164 pessum
455 2075 567 2152 dedit:
592 2076 669 2142 dum
687 2076 777 2141 alteri
801 2077 914 2142 alteros
938 2076 1064 2141 vincere
1091 2079 1205 2164 quovis

136 2179 252 2260 modo,
275 2195 307 2245 et
325 2180 426 2247 victos
442 2183 586 2251 acerbius
601 2183 714 2249 ulrn'sci
727 2184 847 2274 volunt.
866 2182 930 2246 Sed
944 2181 983 2245 de
1000 2179 1117 2247 studiis
1131 2207 1206 2272 par-

136 2287 217 2351 tium
240 2301 272 2353 et
294 2288 441 2352 omnibus
465 2289 601 2357 civitatis
625 2291 766 2361 moribus
790 2291 818 2354 si
842 2288 1026 2377 singillatim
1058 2303 1114 2352 aut
1143 2313 1203 2377 pro

136 2393 353 2481 magnitudine
373 2418 483 2483 parem
504 2396 674 2473 disserere,
690 2409 832 2485 tempus,
849 2417 944 2484 quam
959 2417 1032 2474 res,
1047 2394 1205 2459 maturius

136 2496 268 2564 deseret.
293 2501 508 2583 Quamobrem
532 2502 572 2565 ad
595 2503 778 2590 incoeptum
801 2500 905 2566 redeo.

183 2605 324 2671 XLVII.
350 2607 427 2685 Post
450 2606 528 2673 Auli
555 2607 666 2672 foedus
698 2608 916 2696 exercitusque
947 2606 1050 2672 nostri
1078 2605 1205 2675 foedam

136 2707 261 2799 fugam,
285 2711 432 2779 Metellus
452 2727 483 2777 et
500 2713 628 2781 Silanus
652 2714 798 2780 consules
823 2712 997 2802 designati,
1021 2713 1205 2802 provincias

134 2813 218 2880 inter
241 2840 274 2882 se
296 2818 516 2907 partirerant:
542 2820 734 2909 Metelloque
759 2821 909 2900 Numidia
939 2834 1112 2900 evenerat,
1137 2820 1204 2884 acri

138 2920 207 2987 viro
231 2937 263 2988 et
286 2948 477 3014 quamquam
502 2926 632 2993 adverso
656 2927 768 3016 populi
791 2926 960 3015 partibus,
990 2925 1075 2988 fama
1098 2939 1203 2992 tamen

137 3030 320 3117 aequabili⁵
336 3045 366 3096 et
382 3032 540 3098 inviolata.
558 3034 590 3100 Is
607 3034 662 3098 ubi
678 3033 819 3124 primum
842 3033 1061 3121 magistratum
1083 3031 1204 3118 ingres·

159 3207 170 3241 1
194 3189 314 3247 Senatus
344 3211 424 3249 suam
451 3196 649 3252 auctoritatem
686 3193 853 3250 condendae
873 3191 1085 3263 [si-condenda
1108 3195 1203 3263 esset}

136 3259 648 3342 aliquandocumequitibuscommu-
688 3269 821 3344 deligere,
839 3271 918 3350 operi
937 3265 1107 3323 maturando
1119 3288 1204 3343 pruc-

135 3337 300 3409 nicavernt,
320 3354 351 3397 ut
370 3363 417 3397 eos
434 3344 464 3398 iu
475 3363 541 3400 suas
552 3358 649 3422 partes
687 3365 765 3412 esse,
787 3345 893 3401 colonis
913 3348 976 3419 jura
996 3343 1157 3398 describere
1176 3355 1205 3397 ct

137 3415 270 3473 traheret.
687 3439 788 3496 agrurn
807 3420 957 3496 publicum
973 3420 1063 3494 equiti
1074 3431 1103 3474 et
1114 3417 1203 3494 pediti

156 3509 172 3545 2
192 3490 299 3547 Eadem
316 3490 478 3547 molientem
495 3506 522 3549 et
542 3514 649 3550 conan-
688 3495 821 3572 simplum
833 3495 911 3564 huic,
926 3495 966 3554 itti
976 3493 1099 3570 duplum
1111 3513 1204 3566 aequa

137 3573 194 3621 tem
206 3587 279 3640 quae
292 3567 434 3635 Tiberius,
446 3569 583 3625 serentem
595 3571 648 3627 sci·
687 3573 874 3660 proportione
903 3570 1036 3629 dividere.
1060 3569 1105 3624 Ad
1128 3587 1204 3641 quse

136 3637 202 3699 licet
212 3641 287 3718 leges
298 3644 430 3718 agrarias.
687 3648 862 3723 perficienda
874 3648 995 3705 triennio
1011 3643 1203 3718 imperabant.

156 3715 173 3771 3
195 3718 312 3786 Quoties
329 3719 450 3773 Romani
468 3719 514 3776 vel
534 3719 650 3795 plebem
706 3721 725 3792 d
745 3723 880 3798 Optimus
890 3723 1010 3798 quisque
1020 3716 1204 3780 satiushebet

138 3790 288 3860 urbanam,
311 3794 356 3852 vel
378 3793 479 3851 milites
501 3808 650 3853 veteranos
688 3798 774 3866 vinci,
794 3797 966 3872 quamrnslo
978 3795 1205 3868 moreinjnriarn

138 3868 169 3923 in
181 3866 304 3923 colonias
326 3870 490 3939 mitterent,
510 3871 651 3930 triumviri
689 3873 842 3940 vindicare.
889 3870 891 3873 ¹

139 3941 256 4028 coloniis
274 3943 447 4002 deducendis
469 3948 648 4005 creabantur.
708 3948 724 4004 5
744 3949 865 4025 Aequnli
882 3948 960 4027 apud
978 3945 1157 4005 nobilitatem
1177 3960 1206 4004 et

139 4015 275 4080 Officium
286 4039 385 4077 eorum
396 4035 457 4082 eret
472 4021 568 4083 locum
586 4024 651 4083 urbi
688 4024 813 4104 plebem.
