2888 4748
387 292 576 363 BELLUM
599 284 939 361 JUGURTHINUM
1121 275 1189 360 ¹arr

169 434 224 522 LI,
249 452 327 519 Erat
349 449 437 515 haud
459 448 554 538 longe
577 448 617 512 ab
631 470 679 513 co
703 445 837 528 itinere,
861 471 926 538 quo
950 447 1099 518 Metellus
1122 473 1195 540 per·

124 566 234 656 gebat,
253 558 408 652 oppidum
423 557 653 637 Numidarum,
677 544 806 619 nominc
821 555 948 637 Vacca,
964 556 1070 621 forum
1084 580 1193 624 rerum

124 671 284 740 venalium
299 669 397 733 totius
412 666 502 757 regni
521 688 667 730 maxume
682 664 894 744 celebratum3
918 664 974 728 ubi
998 679 1030 730 et
1053 668 1193 738 incolere
1268 713 1279 719 -

123 795 155 848 ct
176 777 310 844 mercari
329 775 562 841 consueverant
577 773 682 841 Italici
697 772 822 862 generis
839 772 931 837 multi
947 775 1104 841 mortales.
1120 778 1194 844 Huc

78 921 82 930 ·
123 887 256 967 consul,
279 882 376 950 simul
398 880 542 948 tentandi
565 881 685 969 gratia,
709 895 740 946 st
772 881 798 946 si
828 895 1012 970 paterentur
1042 883 1194 973 obportu·

59 1054 63 1069 ι
122 994 236 1061 nitates
258 992 341 1071 loci,
356 989 550 1079 praesidium
566 990 731 1077 inposuit:
755 1002 920 1079 praeterea
941 987 1110 1078 imperavit
1128 991 1195 1057 fru-

123 1116 266 1168 mentum
287 1113 319 1162 ct
336 1097 416 1176 alia,
440 1119 521 1183 quae
545 1096 628 1160 bello
652 1097 727 1161 usui
750 1096 872 1178 forent,
895 1111 1095 1187 comportare
1114 1124 1122 1162 z
1145 1122 1195 1164 ra·

122 1223 175 1274 tus
199 1207 252 1287 id,
276 1203 363 1294 quod
391 1225 442 1267 res
459 1189 638 1284 monebat,
661 1202 873 1291 frequentiam
902 1204 1137 1293 negotiatorum
1164 1219 1197 1273 et

123 1327 334 1381 commeatum
348 1314 535 1394 juraturum
550 1309 739 1391 exercitum,
754 1323 785 1375 et
799 1313 864 1393 jam
877 1313 997 1400 paratis
1013 1312 1110 1378 rebus
1126 1336 1195 1378 mu-

124 1423 264 1486 nimento
279 1418 354 1484 fore.
373 1418 460 1482 luter
479 1417 559 1483 haec
577 1417 703 1506 negotia
718 1418 739 1482 J
742 1417 881 1507 ugurtha
903 1418 1082 1509 impensius
1099 1401 1196 1486 modo

124 1529 244 1617 legatos
268 1524 429 1616 supplices
453 1526 596 1606 mittere,
620 1548 732 1614 pacem
755 1548 868 1607 orare,
891 1538 1017 1617 praeter
1047 1550 1137 1592 suam
1158 1527 1197 1592 li·
1271 1550 1274 1556 ·

125 1636 339 1723 berorumque
360 1631 478 1713 vitam,
497 1633 605 1697 omnia
627 1633 756 1698 Metello
778 1633 900 1699 dedere.
926 1635 1015 1717 Quos
1038 1635 1133 1716 item,
1149 1633 1199 1701 uti

125 1743 265 1834 priores,
289 1739 402 1807 consul
416 1739 550 1805 inlectos
567 1740 607 1804 ad
621 1739 835 1829 proditionem
851 1739 981 1805 domum
997 1741 1198 1809 dimittebat:

124 1850 194 1942 regi
217 1871 346 1938 pacem,
365 1869 462 1936 quam
484 1846 683 1936 postulabat,
699 1869 802 1934 neque
827 1845 985 1927 abnuere,
1001 1871 1105 1937 neque
1128 1849 1198 1940 pol-

127 1955 236 2036 liceri,
254 1971 285 2019 et
301 1955 383 2018 inter
399 1976 451 2017 eas
467 1976 572 2017 moras
588 1953 744 2040 promissa
759 1953 936 2040 legatorum
952 1956 960 1980 ¹
977 1970 1167 2044 exspectare.

174 2061 247 2126 LII.
272 2057 434 2148 Jugurtha
456 2059 512 2123 ubi
537 2059 658 2133 Metelli
681 2059 772 2124 dicta‘
788 2081 863 2123 cum
885 2058 979 2124 factis
1004 2062 1199 2150 composuit,

128 2191 168 2233 ac
191 2190 223 2232 se
247 2166 313 2231 suis
338 2165 459 2230 artibus
480 2166 595 2230 tentari
616 2167 856 2244 animadvertit3
872 2167 992 2256 quippe
1017 2168 1071 2232 cui
1094 2169 1200 2236 verbis

127 2298 190 2366 pax
204 2273 434 2353 nunciabatur,
447 2287 590 2339 ¹ceterum
605 2274 774 2370 rebellum
790 2274 1002 2362 asperrimum
1019 2289 1104 2356 erat,
1120 2277 1198 2341 urbs

129 2405 277 2448 maxuma
301 2381 455 2462 alienata,
478 2403 553 2468 ager
575 2380 720 2445 hostibus
744 2382 909 2469 cognitus,
937 2381 1036 2444 animi
1065 2381 1200 2472 popula·

129 2489 215 2553 rium
237 2488 374 2566 tentati,
397 2501 528 2552 coactus
551 2509 658 2549 rerum
682 2486 941 2568 necessitudine,
965 2488 1077 2553 statuit
1104 2490 1211 2569 armis¹

128 2609 258 2659 certare.
283 2594 402 2682 Igitur,
425 2592 588 2684 explorato
611 2593 752 2659 bostium
775 2594 905 2676 itinere,
929 2594 1078 2685 inspem
1100 2596 1201 2664 victo·

130 2701 197 2767 riae
212 2700 368 2767 adductus
384 2724 421 2766 ex
436 2701 674 2793 obportunitate
689 2701 773 2782 loci,
793 2724 890 2790 quam
909 2723 1073 2767 maxumas
1096 2717 1204 2794 potest

130 2808 241 2896 copias
265 2808 407 2872 omnium
430 2832 583 2898 generum
605 2812 708 2899 parat,
732 2831 769 2872 ac
791 2831 850 2897 per
872 2809 1039 2875 tramites¹
1056 2810 1200 2878 occultos

131 2914 305 2980 exercitum
330 2915 452 2980 Metelli
482 2917 649 2983 antevenit.
679 2917 757 2980 Erat
780 2915 814 2979 in
838 2938 876 2980 ea
897 2931 988 3004 parte
1012 2916 1200 3000 Numidiae,

130 3044 228 3110 quam
251 3020 406 3087 Atherbal
428 3023 463 3087 in
487 3023 643 3090 divisione
664 3023 883 3113 possederat,
903 3021 1022 3087 flumen
1052 3024 1156 3089 oriens
1181 3048 1199 3089 a

130 3128 287 3209 meridie,
310 3129 439 3194 nomine
463 3130 617 3209 Muthu13
641 3154 705 3220 quo
730 3130 840 3224 aberat
860 3152 951 3193 mons
975 3129 1074 3194 ferme
1097 3131 1221 3198 millia

130 3257 285 3324 passuum
307 3261 356 3311 xx,
379 3251 482 3300 tractu
505 3238 576 3324 pari
596 3233 626 3319 ³,
647 3235 783 3302 vastua⁴
803 3237 842 3302 ab
866 3250 980 3300 natura
1003 3250 1035 3300 et
1057 3236 1198 3305 humano

132 3341 222 3405 cultu
240 3366 247 3404 :
269 3341 324 3404 sed
339 3365 376 3406 ex
391 3366 428 3407 eo
444 3342 548 3407 medio
563 3341 574 3378 ⁵
589 3343 680 3429 quasi
704 3343 794 3407 collis
819 3344 997 3425 oriebatur,
1019 3343 1053 3408 in
1077 3345 1198 3411 inmen-

53 3487 56 3492 ‹
123 3428 205 3513 ¹sum
232 3448 441 3538 pertingens,
464 3451 596 3518 vestitus
628 3449 763 3514 oleastro
801 3474 838 3515 ac
865 3452 1032 3540 myrtetis,
1063 3453 1199 3542 aliisquo

157 3709 166 3745 r
189 3690 286 3767 Legati
296 3689 505 3767 stugurtbam
515 3690 646 3769 proditu·
704 3689 721 3748 3
743 3691 817 3746 Cum
830 3691 998 3750 decurrente
1009 3693 1136 3762 flumine,
1158 3693 1195 3761 ita

133 3785 182 3822 ros
193 3768 391 3842 promiserant.
684 3779 719 3824 ut
735 3787 817 3824 mons
828 3781 855 3824 et
867 3770 970 3825 fluvius
990 3769 1123 3827 omnibus
1137 3773 1199 3832 sere

131 3865 134 3869 ·
154 3860 170 3896 2
194 3845 314 3900 Trames
324 3844 369 3902 ria
380 3856 510 3920 angusta,
523 3851 645 3920 privata,
683 3843 754 3902 locis
766 3863 856 3918 aeque
867 3843 1011 3902 distarent.

132 3929 164 3973 ct
174 3938 247 3992 quas
263 3919 345 3977 simul
364 3920 431 3980 facit
448 3920 555 3979 itineris
567 3940 646 3979 com-⁴
701 3920 830 3995 dilapsu,
843 3918 971 3975 desertus

133 3994 278 4071 prndium.
621 4005 625 4012 '
700 3995 1199 4076 5M0ntemiuteretllumenjacebat.
