2888 4748
244 322 310 389 ees
537 316 576 402 e.⁵
600 312 749 381 curari
775 313 1051 400 sartusrrr„

223 466 319 545 454.
345 464 467 556 Tigrim
482 478 512 528 et
527 464 725 554 Euphratem
748 487 813 528 uno
833 464 921 529 fonte
941 487 1070 532 manare
1086 465 1120 531 in
1141 466 1311 553 Armenian
1391 544 1394 549 ,

310 574 368 663 qui
383 595 440 662 per
455 571 578 637 diversa
593 587 702 636 euntes
718 570 844 659 longius
860 571 1061 654 dividantur,
1077 574 1178 663 spatio
1195 577 1301 642 medio

310 679 422 747 relicto
446 680 618 743 multorum
641 678 797 755 millium;
821 701 904 766 quac
926 693 1030 743 tamen
1055 693 1138 744 terra
1162 706 1243 769 quae
1267 685 1310 748 ab

313 788 393 876 ipsis
413 786 561 866 ambitur,
577 785 807 874 Mesopotamia
830 784 955 849 dicitur.
980 788 1013 849 S.
1031 789 1158 852 Hieron.
1175 789 1213 852 de
1230 790 1310 852 locis

315 895 394 958 tlet.

307 999 408 1044 tuentius
419 1000 443 1042 iu
455 996 558 1044 Armenia
569 1006 591 1042 et
599 982 764 1055 Mesopotatirie.

249 1088 327 1167 455.
355 1091 434 1152 Tam
456 1088 571 1176 Tigris,
587 1111 683 1176 quam
698 1085 872 1178 Euphratis
895 1088 930 1152 in
946 1086 1109 1179 *Armenia
1131 1087 1233 1155 fontes
1257 1087 1313 1154 de·

318 1209 541 1260 monstrantur.
559 1195 605 1258 ld.
623 1196 670 1259 16.

312 1302 371 1347 uu.

250 1379 328 1457 456.
354 1377 460 1468 Atque
476 1379 544 1468 ipsc
560 1379 665 1444 cultus
679 1379 735 1444 rei.
752 1385 864 1444 Acron.
880 1396 912 1444 et
928 1380 1042 1466 Porph.
1061 1381 1144 1444 Seol.

143 1487 174 1513 :s
312 1497 435 1556 Appeteres
447 1501 550 1543 exuritur
559 1498 792 1555 Tigrauiaapteudidua
803 1501 883 1554 paritor
894 1508 916 1542 et
927 1500 1047 1545 horribilia.

251 1586 328 1677 457.
354 1586 419 1669 Qui
454 1586 800 1674 praetergrediebantur
835 1587 957 1674 equites
988 1585 1183 1676 cataphracti
1213 1585 1317 1652 ferrea

321 1692 407 1756 omni
423 1693 535 1780 specie.
553 1695 636 1755 Serv.
654 1690 783 1755 Aeneid.
801 1692 821 1755 l.
844 1716 892 1754 rr.

314 1813 436 1870 Descriptio
447 1815 551 1870 equitatus
562 1813 695 1869 cataphracti
705 1826 732 1857 ex
742 1814 839 1858 exercitu
848 1814 948 1870 Tigranis
959 1814 982 1859 iu
993 1815 1077 1872 proelio
1087 1814 1115 1860 ad
1129 1814 1317 1871 Tigranocertam.

254 1901 331 1980 458.
356 1905 457 1993 Equis
480 1905 569 1993 paria
585 1905 793 1993 operiuncula
809 1917 916 1984 erant,
933 1929 1015 1993 quae
1030 1906 1128 1970 lintea
1143 1905 1252 1971 ferreis
1268 1906 1319 1969 lae

323 2011 417 2075 minis
433 2011 466 2073 in
481 2010 611 2075 modum
626 2011 754 2100 plumae
770 2011 993 2076 adnexuerant.
1011 2012 1059 2076 Id.
1076 2013 1124 2076 16.

345 2129 377 2176 ,ὼ

255 2130 396 2294 46914116
412 2207 549 2271 secunda
565 2206 694 2273 festinas
711 2208 855 2273 cohortes
871 2223 1101 2303 composuerat.
1119 2209 1167 2272 Id.
1184 2207 1205 2271 l.
1223 2235 1253 2296 9.

317 2325 376 2370 Ordo
388 2327 441 2370 notet
452 2327 559 2370 Romanae
569 2328 591 2370 iu
604 2339 685 2384 pugna,
697 2337 720 2371 ut
730 2340 802 2384 supra.

220 2493 225 2501 ἣ
256 2415 332 2493 46ο.
356 2419 543 2506 Ruuntque,
559 2442 633 2506 pars
649 2442 761 2506 magna
777 2420 908 2483 suismet
923 2434 978 2484 aut
992 2431 1220 2509 proxumorum
1235 2399 1320 2503 telis,¹

326 2527 441 2590 eacteri
456 2527 525 2592 vice
540 2547 692 2613 pecorum
708 2525 988 2591 obtruncabantur.
1004 2532 1084 2591 Non.
1102 2526 1247 2591 Marcell.

319 2646 389 2689 rurba
402 2647 521 2700 ingentium
534 2646 557 2688 iu
569 2646 652 2701 proelio
663 2645 690 2688 ad
701 2646 884 2700 Tigranocertam.

257 2733 334 2809 46ι.
360 2735 450 2798 Fecit
472 2751 508 2798 ut
531 2737 657 2800 nunciis
682 2736 847 2801 confestim
871 2735 1069 2827 lugubribus.
1087 2739 1187 2824 Sosip.
1208 2736 1319 2802 Chori-

325 2842 391 2902 aiua
406 2865 433 2902 c.
449 2841 487 2904 de
503 2842 627 2904 adverb.
858 2849 861 2854 ’

317 2947 422 3002 Tigranes
432 2949 518 2990 nuntior
529 2946 556 2989 de
566 2959 604 2990 aua
612 2947 674 2991 clade
685 2949 712 2992 ed
722 2949 870 2994 Mithridatem
882 2951 959 2998 utrttt.

258 3035 334 3113 462.
361 3036 459 3125 Apud
489 3035 674 3102 Gorduenos
702 3038 875 3103 Amomum
898 3055 929 3104 et
952 3041 1007 3104 alii
1030 3041 1115 3108 leves
1138 3039 1250 3105 odores
1273 3040 1319 3130 gi-

326 3159 475 3231 gnuntur.
493 3143 720 3231 Philargyrius.
737 3149 770 3210 in
790 3151 896 3232 Georg.

318 3263 423 3310 Zur-hient
433 3263 562 3321 Gordyene
572 3268 642 3321 reputt
652 3269 752 3323 exequiae
763 3280 775 3311 ι
788 3267 877 3321 Lucano
886 3266 1014 3314 celebratae.

256 3352 334 3431 463.
354 3354 451 3441 Myaii
467 3378 485 3417 a
501 3357 638 3421 Lucullo
655 3358 803 3445 superati.
822 3360 904 3421 Serv.
921 3360 955 3421 in
971 3358 1100 3422 Aeneid.
1118 3357 1138 3422 l.
1160 3379 1185 3446 7.

317 3475 384 3526 Ati.
396 3478 486 3525 Luuusso
497 3481 562 3527 Varr.
571 3478 709 3524 ttaoedouiee
718 3480 808 3528 Precor.

257 3571 335 3652 464.
362 3574 513 3639 Camisos.
534 3575 634 3636 Valer.
652 3575 832 3638 Probinou
847 3598 947 3661 gram.

318 3696 436 3743 Castellum
448 3699 471 3740 iu
481 3699 525 3741 fine
533 3695 660 3742 Armeniae.

258 3787 336 3866 465.
361 3790 428 3853 Rex
452 3789 652 3859 Mithridates
668 3789 749 3877 Regi
765 3787 879 3855 Arsaci
897 3789 928 3853 S.
947 3791 1083 3869 Omnes,
1098 3786 1155 3876 qui
1170 3786 1318 3856 secundis

326 3896 421 3959 rebus
438 3896 511 3959 suis.
530 3901 625 3963 MSS.
647 3900 787 3962 Varium.

316 4000 413 4058 lpistota
424 4003 553 4052 ttturttuia
564 4005 592 4051 ati
602 4003 704 4052 anatem
714 4017 787 4064 repen
797 4005 936 4054 araurem.
946 4004 978 4054 Y·
987 4014 1051 4062 rapat
1061 4013 1112 4063 με·
1125 3999 1183 4056 ³¹⁵·
