2888 4748
184 326 230 393 86
473 323 510 388 G.
535 321 686 391 cmsl’l
712 323 957 393 slttusrss

181 473 247 555 les,
269 469 365 540 sicuti
380 470 454 538 Afri
468 488 585 563 putant
596 525 607 558 ,
620 475 766 543 interiit:
789 478 946 545 exercitus
966 480 1038 562 ejus
1059 481 1261 570 compositus

182 604 221 646 ex
235 581 332 649 variis
347 581 507 669 gentibus,
522 584 639 649 amisso
654 583 748 666 duce,
763 609 801 650 ac
814 587 935 676 passim
949 585 1076 666 multis,
1092 585 1154 652 sibi
1170 589 1258 678 quis·

183 711 266 778 que,
287 688 458 778 imperium
480 691 689 779 petentibus,
710 691 800 759 brevi
815 693 975 759 dilabitur.
992 693 1043 757 Ex
1063 716 1102 758 eo
1123 716 1259 760 numero

182 795 273 863 Medi
287 802 296 826 ¹
311 846 320 877 ,
344 796 461 865 Persae
474 805 487 829 '
500 811 533 862 et
548 788 694 865 Armenii
709 798 732 881 ¹,
746 800 881 866 navibus
902 801 939 871 in
953 799 1098 867 Africam
1115 814 1257 867 transre-

182 904 246 985 cti,
260 926 434 994 proxumos
449 919 558 972 nostro
573 908 655 980 mari
668 907 757 982 locos
772 930 977 999 occupavere
995 906 1061 974 Sed
1076 908 1193 973 Persae
1208 907 1257 973 in·

182 1025 234 1081 tra
258 1016 426 1081 Oceanum
448 1013 549 1105 magis
568 1041 576 1079 ι
605 1015 694 1104 iique
716 1015 823 1082 alveos
845 1016 857 1056 ⁴
877 1014 1008 1082 navium
1030 1013 1174 1082 inversos
1195 1036 1258 1104 pro

183 1122 322 1211 tuguriis
345 1121 508 1189 habuere:
531 1121 606 1212 quia
629 1145 734 1212 neque
755 1123 888 1190 materia
907 1121 941 1186 in
963 1122 1068 1213 agris,
1087 1143 1192 1211 neque
1213 1121 1257 1189 ab

184 1229 342 1320 Hispanis
363 1231 492 1299 emendi
512 1245 569 1298 aut
589 1229 735 1297 mutandi
754 1232 848 1320 copia
862 1244 938 1296 erat
954 1230 1045 1295 Mare
1059 1251 1212 1319 magnum
1224 1242 1258 1294 et

183 1337 296 1426 ignara
317 1339 428 1427 lingua
447 1345 459 1385 ⁵
481 1339 671 1411 commercia
692 1323 911 1429 prohibebant
941 1337 985 1402 Hi
1005 1336 1177 1429 paullatim
1197 1358 1257 1425 per

183 1446 347 1519 connubia
363 1444 517 1514 Gaetulos
533 1470 642 1515 secum
656 1447 833 1512 miscuere:
852 1460 884 1511 et
898 1445 975 1535 quia
989 1467 1085 1537 saepe
1097 1438 1260 1510 tentantes

186 1577 281 1642 agros
295 1558 325 1634 ⁶,
344 1554 408 1619 alia
430 1554 545 1621 deinde
567 1570 663 1645 atque
683 1553 748 1618 alia
768 1553 840 1619 loca
860 1554 1056 1644 petiverant,
1074 1563 1174 1618 semet
1194 1548 1257 1639 ipsi

185 1653 344 1728 Numidas
360 1669 372 1707 ²
386 1662 593 1752 adpellavere
604 1665 755 1729 Ceterum
770 1662 877 1728 adhuc
890 1659 1036 1733 aedificia
1043 1655 1257 1725 Numidarum

185 1771 379 1859 agrestium,
394 1793 476 1860 qnae
491 1772 633 1859 mapalia
648 1771 697 1839 illi
711 1785 843 1865 vocant,
858 1769 1011 1858 oblonga,
1023 1764 1167 1838 incurvis
1180 1764 1258 1829 lete·

186 1879 279 1949 tibus
294 1892 394 1960 tectu,
413 1881 507 1969 quasi
521 1881 652 1949 navium
667 1880 794 1945 carinae
809 1892 892 1944 sunt
908 1875 1013 1942 Medis
1027 1888 1134 1939 autem
1148 1885 1180 1936 et
1195 1869 1256 1934 Ar·

184 1986 301 2052 meniis
316 2010 478 2053 accessere
492 1989 621 2077 Libyes.
629 1988 712 2055 Nam
726 1986 762 2054 hi
776 1985 910 2076 propius
924 2006 1012 2051 mare
1027 1981 1175 2053 Africum
1190 1978 1256 2066 egi·

184 2093 314 2165 tabant:
332 2095 461 2159 Gaetuli
476 2095 536 2160 sub
551 2096 617 2161 sole
632 2096 751 2184 magis,
764 2093 853 2160 haud
872 2091 987 2184 procul
1008 2091 1048 2155 ab
1070 2086 1255 2155 ardoribuss

184 2199 286 2290 bique
299 2194 311 2230 ⁸
326 2217 450 2267 mature
465 2201 583 2292 oppida
597 2202 745 2267 habuere
762 2201 860 2282 Nam,
875 2199 959 2266 fretu
974 2196 1070 2264 dirisi
1084 2195 1125 2259 ab
1141 2194 1257 2283 Hispa·

184 2307 251 2396 nia,
266 2325 389 2375 mutare
403 2333 454 2375 res
469 2310 553 2377 inter
567 2331 601 2379 se
615 2312 627 2348 ’
640 2309 851 2374 instituerant
867 2308 991 2374 Nomen
1006 2325 1119 2372 eorum
1132 2298 1257 2391 paulla-

184 2415 244 2486 tim
264 2417 384 2505 Libyes
406 2441 604 2507 corrupere,
624 2417 760 2483 barbara
780 2417 891 2505 lingua
913 2416 1045 2479 Mauros
1062 2430 1123 2500 pre
1150 2404 1255 2471 Medi!

184 2522 388 2613 adpellantes.
407 2524 472 2588 Sed
486 2547 537 2588 res
554 2525 724 2589 Persarum
739 2524 829 2590 brevi
844 2521 1000 2589 adolevit:
1020 2542 1058 2584 ac
1073 2529 1184 2608 postea
1199 2534 1256 2577 no·

184 2629 272 2693 mine
286 2629 445 2695 Numidae
460 2637 481 2664 '⁰
495 2645 625 2721 propter
640 2631 888 2709 multitudinem,
901 2652 920 2692 a
934 2625 1121 2718 perentibus
1137 2621 1255 2711 digres.

185 2734 232 2813 si,
247 2735 416 2821 possedere
431 2760 468 2802 ea
482 2735 571 2818 loca,
592 2761 675 2826 quae
688 2760 843 2828 proxuma
861 2734 1088 2824 Carthaginem
1102 2727 1257 2795 Numidia

184 2840 372 2930 adpellatur.
390 2842 528 2922 Deinde,
543 2845 672 2932 utrique
685 2845 793 2910 alterIs
808 2843 892 2926 freti,
906 2841 1059 2909 finitimos
1079 2836 1175 2909 armifl
1199 2847 1256 2898 ³¹12

183 2963 270 3013 metu
295 2948 355 3013 sub
379 2947 550 3038 imperium
572 2974 667 3015 suum
682 2965 831 3041 coegere,
847 2973 963 3016 nomen
978 2947 1176 3038 gloriamque
1191 2939 1256 3006 tibi

182 3055 345 3133 addider03
361 3057 462 3144 magis
477 3055 523 3136 bi,
539 3050 596 3146 qni
610 3057 651 3122 ad
666 3074 810 3128 nostrum
825 3081 912 3124 mare
926 3065 1161 3147 processerant:
1178 3046 1256 3138 quit

184 3161 325 3250 Libyes,
339 3185 436 3250 quam
453 3163 582 3238 Gaetuli
597 3169 637 3245 ¹¹,
656 3167 762 3231 minus
778 3166 922 3232 bellicosi
942 3191 949 3228 :
971 3161 1111 3250 denique
1126 3155 1258 3225 Africae

206 3375 220 3414 1
242 3354 289 3412 Ad
297 3375 374 3419 mare
382 3357 560 3434 Hyrcanum,
571 3380 622 3418 seu
634 3363 705 3421 Ges·
763 3369 779 3419 8
798 3364 911 3440 Libyes.

190 3435 282 3512 pium·
415 3438 416 3443 '
661 3440 664 3444 ’
761 3442 874 3515 9Cum
886 3437 965 3496 nulla
977 3434 1073 3492 adhuc
1084 3443 1157 3490 esset
1166 3448 1257 3513 pecua

205 3529 222 3566 2
242 3509 330 3565 Juxta
342 3510 441 3566 Medos
453 3509 491 3567 ed
500 3512 655 3578 meridiem.
739 3517 797 3585 pia,
810 3535 918 3572 merces
931 3510 1179 3592 permutabantur.

203 3584 222 3643 3
244 3586 313 3642 Post
324 3586 423 3643 Medos
437 3585 474 3640 ad
485 3588 624 3648 occa‘sum.
762 3611 795 3650 to
816 3592 876 3647 Sub
888 3589 1078 3662 Numidarum
1088 3599 1210 3638 nomme.
1247 3610 1249 3615 .

203 3661 407 3730 AAlveusest
417 3663 678 3724 navisconcavitas.
767 3689 796 3723 11
821 3668 927 3724 Sensus
958 3678 1007 3723 est.
1036 3657 1182 3724 Numidis,
1202 3659 1256 3730 ‘W'

134 3754 137 3761 '
206 3735 477 3797 5Pussivedictum
485 3745 704 3815 preigncrata.
744 3745 786 3798 ad
802 3763 884 3800 mare
896 3742 1151 3798 Mediterraneum
1168 3749 1256 3786 vene-

204 3814 425 3885 (i'Quaerentes¹
443 3835 527 3892 egros
551 3829 634 3894 aptos
653 3838 705 3894 pe·
743 3830 832 3889 rant,
851 3821 910 3876 sibi
921 3815 1182 3874 vicinosetminus
1194 3806 1257 3861 bel-

193 3889 264 3943 cori.
465 3896 468 3901 ¹
576 3901 578 3904 ’
728 3896 856 3953 'll'COSOS
877 3896 1006 3970 Libyas,
1032 3906 1122 3966 quam
1145 3887 1256 3940 Gaetu·

190 3979 226 4048 ⁸7
247 3966 410 4036 Nomades,
425 3968 498 4026 idest
505 3980 643 4044 pastorem
658 3968 707 4026 de·
747 3972 810 4035 los,
831 3972 909 4027 bello
924 3968 1086 4035 meliores,
1110 3978 1256 4040 superare

188 4035 709 4120 indecorsuptovoeabuloliumidae,
734 4049 950 4123 faciliussuit,
995 4092 1022 4114 .,
1094 4074 1098 4086 ¹
