2888 4748
407 310 595 380 BELLUM
620 308 960 378 JUGURTHINUM
1155 313 1217 400 159

151 476 239 566 guito
255 468 373 539 Bocchi
388 470 542 549 adventu,
566 467 650 534 olam
673 489 748 533 cum
773 465 886 556 paucis
910 465 952 531 ad
974 463 1121 555 pedites¹
1146 489 1220 532 con·

80 578 95 589 ⁵
148 586 261 655 vertit:
284 579 329 645 ihi
352 578 465 659 latine,
488 600 563 642 nam
586 576 674 666 apud
704 575 911 641 Numantiam
934 573 1023 663 loqui
1049 572 1220 654 didicerat,

152 692 323 758 exclamat:
339 705 461 752 nostros
470 687 595 770 frustra
608 708 765 771 pugnare:
780 683 894 770 paullo
911 697 985 746 ante
1003 683 1143 744 Marium
1159 705 1220 744 sua

151 823 247 864 manu
265 790 484 884 intersectum
500 792 596 858 simul
610 792 752 881 gladium
768 789 924 880 sanguine
940 789 1099 853 oblitum·
1117 801 1219 852 osten·

150 907 243 988 dere,
268 927 364 996 quem
386 904 420 967 in
444 925 571 992 pugna,
595 901 670 967 satie
693 900 820 991 inpigre
835 898 941 965 occiso
961 898 1067 987 pedite
1091 911 1220 998 nostro,

149 1027 378 1081 cruentaverat.
405 1007 500 1093 Quod
515 1010 571 1074 ubi
586 1009 703 1076 milites
728 1030 893 1098 accepere,
913 1006 1014 1094 magis
1031 1005 1194 1070 atrocitate
1209 997 1221 1034 ³
1300 1064 1303 1070 .

148 1123 217 1201 rei,
241 1143 339 1211 quam
363 1108 425 1183 fide
441 1119 569 1198 nuncii,
584 1132 760 1183 terrentur:
777 1117 937 1204 simulque
952 1114 1081 1179 barbari
1097 1114 1220 1177 animos

145 1230 278 1308 tollere,
303 1241 335 1291 et
358 1227 391 1290 in
415 1226 580 1316 perculsos
597 1226 758 1291 Romanos
783 1224 888 1290 acrius
904 1221 1059 1289 incedere.
1081 1222 1220 1310 Jamque

142 1330 290 1426 paullum
314 1358 332 1398 a
356 1333 432 1424 fuga
457 1334 606 1415 aberant,
629 1356 705 1399 oum
722 1333 832 1414 Sulla,
855 1330 1034 1422 profligatis
1058 1330 1114 1412 iis,
1139 1353 1220 1418 quoe

140 1444 315 1510 advorsum
332 1442 432 1522 ierat,
448 1441 575 1507 rediens
592 1441 631 1506 ab
654 1442 752 1507 latere
769 1441 892 1505 Mauris
908 1438 1053 1504 incurrit.
1070 1437 1219 1504 Bocchus

142 1552 250 1617 atatim
269 1550 429 1617 avertitur.
450 1549 494 1614 At
509 1549 690 1638 Jugurtha,
705 1549 782 1616 dum
798 1562 978 1616 sustentare
992 1571 1070 1613 auos
1086 1560 1125 1612 'et
1145 1569 1219 1637 pro·

142 1683 183 1750 pe
207 1663 272 1742 jam
296 1657 445 1747 adeptam
461 1657 629 1724 victoriam
644 1657 781 1724 retinere
797 1657 905 1748 cupit,
925 1645 1163 1722 circumventus
1179 1655 1219 1720 ah

142 1766 303 1854 equitibus
320 1766 429 1830 dextra
446 1765 594 1845 sinistra,
611 1767 760 1830 omnihus
777 1763 914 1830 oecisis⁴
928 1813 937 1846 ,
953 1765 1040 1831 eolus
1056 1765 1140 1829 inter
1155 1763 1218 1828 tela

141 1873 283 1938 hostium
300 1871 497 1939 vitabundus
514 1873 662 1961 erumpit.
680 1872 788 1961 Atque
803 1872 931 1936 interim
948 1872 1082 1952 Marius,
1099 1871 1217 1961 fugatis

142 1981 316 2070 equitibus,
342 1978 484 2043 adcurrit
509 1980 627 2044 auxilio
643 1980 721 2061 auis,
746 2003 827 2068 quos
850 1979 929 2068 pelli
951 1983 1017 2063 jam
1041 1993 1214 2069 acceperat

142 2087 293 2174 Denique
316 2085 424 2150 hostes
450 2088 515 2170 jam
538 2085 683 2176 undique
706 2086 780 2150 fusi.

190 2193 311 2280 cvm.
340 2194 425 2257 rum
449 2195 668 2283 speonnam
691 2193 844 2259 horribile
867 2195 901 2258 an
930 2195 1056 2286 eampo
1079 2194 1214 2285 patena.

139 2303 218 2381 hus3
243 2301 349 2391 sequi,
373 2301 502 2391 fugere3
526 2301 646 2382 occidi,
663 2303 751 2392 capi3
774 2304 848 2391 equi
868 2318 964 2392 atque
988 2304 1051 2370 viri
1075 2303 1214 2369 adflicti:

141 2434 178 2475 ac
202 2411 312 2491 multi,
335 2409 523 2475 vulneribus
547 2409 703 2499 acceptis,
728 2432 832 2498 neque
847 2409 957 2498 fugere
972 2434 1085 2501 posse,
1107 2433 1214 2501 neque
1314 2464 1316 2468 ,

141 2518 281 2605 quietem
304 2517 392 2607 pati3
415 2517 475 2581 niti
498 2517 617 2581 modo⁵
647 2540 685 2581 ac
706 2518 812 2582 statim
838 2518 1026 2583 concidere:
1050 2533 1212 2609 postremo

141 2624 267 2704 omnia,
283 2648 347 2713 qua
361 2624 450 2691 visus
467 2639 533 2688 erat
546 2627 569 2704 ⁶,
586 2639 745 2689 constrata
761 2625 844 2706 telis,
862 2626 969 2708 armis,
986 2626 1213 2705 cadaveribus;

138 2746 171 2796 et
192 2731 276 2794 inter
300 2753 337 2794 ea
360 2731 478 2797 humus
502 2731 619 2797 infecta
644 2733 808 2822 sanguine.
827 2735 942 2799 Postea
966 2735 1059 2800 loci⁷
1081 2734 1211 2816 consui,

138 2838 226 2903 haud
249 2839 345 2903 dubie
370 2842 434 2923 jam
457 2839 577 2920 victor,
593 2841 739 2930 pervenit
754 2841 787 2905 in
803 2842 959 2932 oppidum
981 2843 1119 2925 Cirtam,
1144 2866 1210 2932 quo

137 2945 229 3010 initio
253 2946 415 3037 profectus
439 2947 626 3013 intenderat.
645 2949 693 3013 Eo
709 2962 783 3039 post
799 2949 884 3014 diem
900 2951 1087 3039 quinctum,
1111 2972 1208 3039 quam

136 3055 255 3119 iterum
270 3055 397 3119 barbari
412 3057 494 3119 male
509 3071 748 3145 pugnaverant,
764 3058 860 3147 legati
876 3081 894 3122 a
911 3059 1038 3124 Boccho
1054 3058 1204 3136 veniunt;

138 3163 195 3249 qui
210 3163 292 3250 rogis
307 3163 438 3228 verbisa
460 3164 499 3227 ab
517 3165 620 3228 Mario
636 3165 796 3254 petivere,
811 3166 890 3228 duos
906 3191 1002 3253 quom
1018 3167 1205 3251 fidissumos

137 3269 181 3331 ad
204 3293 274 3332 eum
291 3272 448 3335 mitteret:
471 3273 550 3335 velle
573 3272 613 3336 de
637 3297 693 3336 suo
718 3274 810 3336 etde
833 3276 947 3360 populi
970 3277 1105 3339 Romani
1120 3300 1203 3340 com·

158 3521 169 3560 1
191 3496 236 3554 Ad
255 3495 364 3574 pedites
375 3497 527 3569 ¹Romanos
538 3517 567 3555 se
579 3520 648 3559 con·
686 3513 776 3560 erant.

136 3576 228 3634 vertit.
386 3586 389 3593 ’
705 3577 723 3635 5
744 3573 934 3638 Conabantur
945 3597 1070 3657 surgere,
1083 3578 1132 3635 sed
1143 3592 1199 3635 sta-

155 3671 171 3708 2
192 3649 385 3726 Inquinatum.
553 3676 555 3682 ·
687 3654 737 3711 tim
750 3653 897 3716 cadebant.

152 3725 272 3804 3Magis
283 3727 361 3801 quod
371 3728 573 3786 atrocissimam
584 3749 644 3786 rem
701 3733 719 3788 6
741 3731 932 3808 Quacumque
950 3730 1040 3790 videri
1059 3743 1180 3807 poterat.

135 3805 251 3860 caedem
261 3803 384 3860 consulis
394 3806 575 3880 conciperent
584 3807 644 3862 ani·
702 3827 719 3885 7
739 3807 824 3862 Idest:
836 3819 905 3882 post
916 3828 962 3876 ea,
974 3828 1040 3863 nam
1049 3806 1103 3864 loci
1113 3805 1208 3885 sylla-'

136 3899 193 3948 mo,
207 3901 292 3956 quam
314 3881 393 3954 quod
408 3881 568 3958 Jugurthae
587 3902 648 3939 ere-
686 3883 751 3942 bica
771 3883 892 3958 adjectio
909 3897 960 3952 est,
972 3885 1053 3939 sicuti
1066 3885 1116 3941 ubi
1128 3905 1197 3962 gen«

137 3955 248 4023 darent,
258 3957 363 4014 factum
374 3977 433 4014 esse
444 3957 523 4035 quod
533 3958 646 4018 diceret.
687 3963 768 4028 tium,
780 3960 889 4037 ubique
901 3966 1048 4017 terrarum.

154 4032 174 4114 4
193 4032 329 4092 Militibus
349 4035 398 4112 qui
422 4035 529 4095 circum
549 4056 645 4113 regern
703 4042 719 4097 8
738 4037 837 4100 Verba
856 4038 930 4115 regis
949 4037 1114 4103 reserentes.
1185 4068 1188 4075 ·
