2888 4748
257 336 319 377 ω
413 318 416 325 ·
550 289 586 373 c.
612 303 761 373 onrsrr
786 303 1028 375 sususru

252 457 421 548 generibus
444 457 619 538 arborum,
642 478 725 546 quae
748 454 840 521 humi
869 454 960 522 arido
989 469 1085 545 atque
1114 475 1248 526 menese
1275 457 1322 553 gi·

251 580 402 653 gnnntur.
428 563 536 629 Media
558 579 664 629 autem
686 562 841 654 planicies
864 562 1010 643 deserta,
1033 560 1169 653 penuria
1192 589 1297 658 aquae
1309 617 1323 652 ,

252 687 377 761 praeter
401 670 527 737 flumini
550 672 732 761 propinqua
754 669 846 735 loca:
870 693 919 752 ea,
942 670 1065 737 consita
1088 670 1245 757 arbustis,
1267 697 1337 767 pe,

252 801 326 843 core
350 792 446 868 atque
469 777 646 845 cultoribus
668 775 960 866 frequentabantur.

297 885 388 950 LIII.
414 885 517 974 Igitur
539 884 574 949 in
598 907 635 948 eo
659 884 763 966 colle,
787 906 882 975 quem
905 900 1088 951 transvorso
1111 884 1225 955 itinere
1247 908 1321 983 por-

253 1005 378 1059 rectum
393 994 401 1019 ²
418 992 604 1071 docuimus,
619 992 640 1056 J
643 990 782 1080 ugurtha
805 1006 973 1058 extenuata
986 996 996 1019 ⁸
1012 1014 1144 1059 suorum
1163 994 1231 1060 acie
1246 1017 1320 1060 con·

250 1099 334 1167 sedit
351 1126 357 1162 :
381 1098 558 1187 elephantis
574 1112 605 1162 et
619 1099 702 1187 parti
717 1098 884 1190 copiarum
898 1099 1094 1189 pedestrium
1109 1100 1321 1169 Bomilcarem

252 1205 422 1295 praefecit,
446 1228 582 1295 eumque
598 1204 726 1286 edocet,
746 1229 829 1296 quae
846 1220 951 1297 ageret
969 1232 976 1271 ε
1000 1207 1069 1296 ipse
1085 1207 1217 1300 propior
1231 1231 1320 1273 mon·

253 1325 319 1376 tem
341 1314 353 1352 ³
375 1313 568 1378 cumomni
591 1313 734 1402 equitatu
758 1327 789 1378 et
811 1312 971 1404 peditibus
995 1312 1125 1378 delectis
1148 1338 1225 1380 suos
1247 1336 1321 1381 con·

249 1419 350 1486 locat:
367 1420 441 1485 dein
457 1420 597 1508 singulas
613 1434 734 1485 turmas
749 1434 780 1484 et
794 1420 976 1511 manipnlos
998 1420 1191 1486 circumiens
1215 1435 1323 1486 monet

252 1541 349 1616 utque
365 1528 560 1606 obtestatur,
581 1544 616 1595 ut
631 1551 783 1592 memores
796 1527 952 1614 pristinae
968 1530 1090 1592 virtutis
1106 1543 1139 1591 et
1152 1531 1322 1617 victoriae,

253 1655 320 1698 sese
336 1659 528 1721 regnumque
552 1659 643 1699 suum
667 1634 708 1699 ab
732 1637 944 1700 Romanorum
967 1636 1103 1698 avaritia
1126 1620 1321 1720 defendente:

251 1763 325 1804 cum
340 1743 381 1806 iis
396 1758 556 1808 certamen
562 1743 661 1828 sore,
680 1766 759 1828 quoe
781 1759 878 1806 antea
901 1744 995 1805 victos
1019 1740 1076 1805 sub
1095 1743 1206 1827 jugum
1231 1744 1322 1806 mise·

252 1849 319 1913 rint
332 1873 339 1910 :
354 1847 465 1912 ducem
483 1847 563 1926 iltis,
579 1874 642 1912 non
658 1852 822 1928 animum,
838 1865 1016 1912 mutatum:
1032 1871 1114 1935 quoe
1129 1846 1170 1911 ob
1186 1849 1323 1934 impero-

255 1968 322 2019 tore
338 1955 525 2034 decuerint,
549 1959 655 2020 omnio
674 1959 744 2048 suis·
753 1959 900 2043 prorisn3
916 1956 1019 2018 locum
1035 1956 1249 2040 superiorem,
1272 1955 1324 2019 uti

249 2061 424 2149 prudenter
448 2086 520 2125 eum
545 2063 711 2148 inperitis,
727 2088 766 2127 ne
788 2065 957 2150 pauciores
981 2085 1052 2125 oum
1070 2060 1240 2147 pluribus3
1263 2075 1321 2123 out

253 2170 348 2233 rudes
372 2193 443 2233 cum
469 2167 552 2233 bello
577 2169 759 2237 melioribus
783 2194 913 2235 monum
937 2183 1164 2234 consererent:
1188 2147 1324 2254 proinde

251 2279 362 2364 parati
384 2278 561 2362 intentique
583 2292 708 2355 essent,
731 2279 819 2362 signo
847 2276 922 2339 doto
934 2325 944 2356 ,
968 2281 1125 2340 Romanos
1154 2274 1323 2338 inuadere:

254 2385 349 2451 illum
364 2383 449 2449 diem
469 2400 526 2449 aut
549 2386 649 2451 omnis
675 2383 798 2448 labores
822 2398 854 2448 et
875 2385 1020 2449 victorias
1042 2383 1301 2467 confirmaturum
1313 2429 1323 2461 ‚

255 2507 319 2573 aut,
330 2516 554 2558 maxumarum
570 2515 795 2557 aerumnarum
811 2493 935 2556 initium
942 2491 1028 2575 sore.
1046 2487 1099 2555 Ad
1114 2487 1175 2553 hoc
1189 2485 1324 2566 viritim,
1364 2472 1382 2542 J

256 2598 307 2664 uti
322 2621 482 2687 quemque
497 2597 539 2661 oh
558 2597 696 2662 militare
717 2596 841 2662 facinus
864 2598 1001 2687 pecunia
1024 2610 1080 2666 aut
1094 2586 1324 2662 honoreextu·
1354 2641 1357 2646 ·
1379 2582 1384 2591 ¹

256 2703 347 2783 lerat,
363 2703 632 2770 commonefacere
646 2701 794 2769 beneficii
810 2705 910 2784 aui,et
925 2727 999 2770 eum
1014 2703 1121 2792 ipsum
1136 2701 1206 2767 aliis
1222 2714 1325 2764 osten·
1378 2774 1385 2796 ‚¹

257 2823 325 2874 tare
338 2837 345 2873 :
360 2824 605 2898 postremo‚»pro
620 2815 776 2899 cujusque
793 2812 920 2900 ingenio
932 2809 1125 2901 pollicendo,
1136 2804 1324 2884 minitando,

256 2916 463 2998 obtestando,
479 2916 579 2981 alium
594 2917 656 2982 alio
673 2917 767 2986 modo
783 2919 918 2987 excitare
937 2944 944 2984 :
966 2939 1041 2984 cum
1063 2913 1190 2979 interim
1213 2912 1323 2998 Metel·

258 3024 320 3104 lus,
337 3024 467 3113 ignarus
490 3023 643 3105 hostium,
658 3040 764 3089 monte
784 3025 968 3115 degrediens
979 3021 991 3061 ⁴
1004 3044 1079 3088 cum
1095 3020 1233 3086 exercitu
1250 3041 1324 3084 con·
1385 3106 1389 3113 .

259 3131 395 3220 spiritur
410 3131 428 3195 ⁵.
439 3131 548 3196 Primo
564 3131 699 3213 dubius,
714 3132 866 3221 quidnam
881 3130 1009 3196 insolita
1024 3127 1120 3193 facies
1136 3125 1329 3207 ostenderet,
1373 3127 1376 3135 '

259 3242 353 3317 (nam
376 3240 459 3309 inter
482 3239 619 3328 virgulta
635 3240 710 3328 equi
731 3218 951 3327 Nuffidaeque
975 3234 1199 3315 consederant,
1222 3254 1328 3321 neque

261 3344 355 3434 plane
372 3347 521 3411 occultati
536 3346 714 3415 humilitate
730 3347 891 3427 arborum,
899 3360 931 3411 et
945 3359 1062 3424 tamen,
1072 3342 1224 3433 quidnam
1233 3352 1327 3420 esset,

279 3561 293 3599 1
316 3541 414 3598 Itincri
426 3542 627 3615 imminentem.
812 3542 967 3599 cumomni
979 3542 1107 3617 equitatu
1119 3535 1276 3595 collocavit.

281 3618 477 3675 nExtensaet
487 3638 573 3694 quam
582 3618 696 3677 minime
705 3639 774 3675 con·
829 3617 850 3688 si
871 3617 1062 3675 Descendens.
1289 3684 1295 3697 .

262 3693 385 3753 densata.
830 3692 848 3753 5
866 3693 953 3752 Videt
968 3693 1065 3749 hostes
1076 3686 1202 3765 quidem,
1220 3681 1269 3741 sed
1286 3696 1327 3741 ata

280 3768 298 3826 3
320 3771 430 3829 Partem
442 3769 572 3846 peditum
582 3770 773 3846 permisitBo·
812 3757 1327 3842 utnonsatiscos,proptervirgulta,

260 3843 621 3922 milcari,part‚emeamque
628 3847 774 3904 meliorem
811 3847 885 3905 inter
900 3864 973 3920 qnae
988 3840 1185 3906 consederant,
1199 3838 1327 3894 interno·
1387 3862 1389 3866 ·

260 3922 312 3982 tibi
325 3924 462 3991 servavit,
484 3926 553 3981 etin
571 3943 603 3980 ea
621 3935 703 4000 parte
715 3922 773 3979 col·
812 3917 1326 3996 soere‚autquidreiesset,existimn·
1373 3922 1375 3925 ’

260 3997 306 4069 lis,
318 4019 390 4079 quae
403 4012 476 4061 esset
486 3999 576 4061 monti
591 3999 774 4079 propinqua,
811 4019 843 4057 re
855 4007 959 4080 posset.
