2888 4748
595 469 866 578 ORATIO

390 711 431 790 ε.
481 709 719 786 curras
768 709 1071 786 consume

427 942 493 1012 AD
520 945 752 1011 POPULUM
780 943 1038 1014 ROMANUM

619 1087 663 1127 DE
694 1088 843 1129 PENURIA

240 1279 265 1342 Ι.
280 1233 482 1380 Qumrrrs,
497 1275 597 1342 multa
612 1272 692 1340 mihi
707 1274 852 1366 pericula
875 1272 981 1356 domi,
1004 1272 1139 1341 militiae
1162 1277 1263 1342 multa

195 1385 330 1454 advorsa
345 1383 454 1461 fuere;
470 1407 608 1474 quorum
625 1384 688 1449 alia
702 1383 847 1464 toleravi,
863 1383 980 1473 partim
999 1383 1103 1473 repuli
1130 1382 1265 1450 deorum

190 1492 317 1557 auxiliis
341 1506 372 1556 et
393 1491 511 1558 virtute
536 1514 622 1555 mea:
639 1489 674 1553 in
690 1490 762 1580 quis
778 1490 927 1555 omnibus
949 1513 1053 1580 neque
1069 1489 1194 1556 animus
1210 1513 1263 1556 ne·

192 1600 278 1688 gotio
294 1598 412 1679 defuit,
428 1622 532 1687 neque
547 1597 683 1664 decretis
699 1598 797 1664 labos.
824 1598 929 1663 Malae
952 1597 1175 1689 secundaeque
1191 1616 1262 1681 res,

192 1729 353 1795 opes,n0n
363 1705 528 1794 ingenium
544 1704 626 1770 mihi
641 1706 816 1771 mutabant.
828 1705 872 1769 At
881 1720 992 1770 contra
1006 1706 1040 1768 in
1056 1704 1107 1771 his
1127 1705 1265 1771 miseriis

194 1828 310 1878 cuncta
324 1837 375 1876 me
392 1836 466 1876 cum
480 1813 610 1877 fortuna
625 1812 800 1877 deseruere.
825 1812 993 1876 Praeterea
1017 1826 1182 1892 senectus,
1204 1828 1264 1902 per

194 1943 228 1983 se
244 1920 368 2007 gravis,
384 1942 494 1983 curam
510 1918 672 2008 duplicat:
689 1917 742 1982 cui
758 1917 890 1998 misero,
907 1932 976 1981 acta
999 1919 1064 2002 jam
1088 1933 1200 1999 aetate,
1216 1939 1259 1983 ne

196 2040 330 2088 mortem
339 2023 469 2111 quidem
478 2025 645 2084 honestam
662 2046 788 2110 sperare
803 2024 886 2088 licet.
897 2025 978 2090 Nam
995 2025 1021 2088 si
1037 2024 1197 2114 parricida
1211 2047 1263 2090 re-

189 2131 248 2195 stri
273 2152 344 2193 sum
368 2127 463 2191 ethis
485 2128 638 2216 genitus¹
655 2127 729 2209 hic,
751 2129 826 2194 deos
849 2130 984 2196 Penates
1003 2154 1091 2196 meos
1114 2129 1262 2222 patriam-

188 2261 250 2326 que
274 2252 305 2300 et
327 2258 487 2300 summum
503 2235 676 2325 imperium
691 2236 767 2303 vilia
783 2237 905 2317 habeo;
922 2240 994 2328 quis
1011 2238 1091 2304 mihi
1106 2240 1180 2307 vivo
1191 2260 1260 2304 eru-

164 2421 166 2426 ,
187 2345 289 2410 ciatus
305 2344 380 2409 satis
397 2359 463 2425 est,
480 2359 536 2409 aut
553 2368 637 2432 quae
652 2367 756 2434 poena
771 2351 913 2409 mortuo?
929 2369 1002 2411 cum
1020 2347 1128 2410 omnia
1142 2368 1260 2412 memoa

186 2467 254 2516 rata
271 2451 357 2541 apud
372 2450 491 2516 inferos
509 2451 671 2540 supplicia
687 2452 804 2516 scelere
820 2474 890 2515 meo
906 2451 1020 2518 vicia
1035 2454 1140 2543 prima
1156 2453 1260 2520 adole·

187 2559 306 2623 scentia
321 2559 354 2621 in
369 2581 425 2622 ore
440 2572 565 2639 vestro,
581 2557 724 2647 privatus
749 2558 828 2622 etin
844 2559 1094 2648 magistratibus,
1112 2559 1180 2649 egi:
1202 2562 1259 2652 qui

187 2666 314 2754 lingua,
335 2665 391 2753 qui
417 2665 552 2729 consilio
572 2688 661 2745 meo,
685 2665 741 2753 qui
761 2666 901 2754 pecunia
924 2667 1072 2748 rolucre,
1092 2668 1142 2733 usi
1164 2684 1260 2735 sunt:

187 2796 291 2861 neque
307 2795 365 2861 ego
382 2771 530 2836 callidam
548 2772 751 2854 facundiam,
773 2796 877 2862 neque
893 2772 1059 2862 ingenium
1075 2773 1114 2840 ad
1130 2776 1258 2842 malefa-

189 2879 338 2944 ciendum
352 2880 490 2944 exercui:
507 2879 709 2947 aridissimus
724 2880 867 2969 privatae
883 2879 1003 2972 gratiae
1018 2905 1181 2949 maxumas
1196 2885 1259 2950 ini-

187 2987 323 3078 micitias
338 3011 398 3078 pro
415 2988 596 3076 Republica
612 2988 759 3078 suscepi3
777 2989 833 3078 qui
847 2988 952 3056 victus
969 3013 1043 3053 cum
1058 2990 1115 3055 illa
1131 2991 1257 3074 simul',

189 3118 264 3159 cum
280 3117 375 3182 egens
392 3095 514 3159 alienae
537 3096 607 3187 opis
630 3096 725 3185 plura
740 3097 823 3160 mala
840 3110 1073 3188 exspectarem
1090 3122 1159 3181 vos,
1177 3100 1255 3184 Qui·

189 3201 285 3280 rites,
300 3224 412 3265 rursus
436 3202 515 3266 mihi
536 3205 692 3291 patriam,
708 3203 784 3268 deos
804 3204 958 3283 Penates,
981 3226 1055 3269 cum
1070 3205 1193 3294 ingenti
1208 3205 1255 3272 di-

186 3308 304 3398 gnitate
322 3307 461 3372 dedistis.

232 3415 273 3478 II.
292 3415 357 3479 Pro
373 3416 488 3501 quibus
504 3414 686 3499 beneficiis,
702 3418 754 3484 rix
771 3420 845 3485 satis
861 3435 980 3511 gratus,
996 3423 1023 3487 si
1041 3422 1175 3513 singulis
1185 3423 1251 3489 ani·

186 3547 288 3603 mam,
314 3544 410 3609 quam
433 3545 579 3610 nequeo,
604 3527 821 3591 concesserim.
847 3530 928 3593 Nam
950 3530 1015 3595 rita
1032 3545 1063 3595 et
1077 3552 1163 3595 mors
1178 3535 1250 3615 jura

186 3648 317 3697 naturae
334 3643 408 3694 sunt
423 3637 445 3691 ³:
462 3630 509 3693 uti
533 3631 601 3694 sinc
623 3631 776 3699 dedecore
792 3659 866 3701 cum
881 3637 1023 3718 civibus,
1039 3637 1126 3701 fama
1141 3653 1173 3704 et
1187 3637 1249 3704 for·

205 3832 216 3866 r
241 3812 346 3868 Exuies
376 3813 481 3868 mortui
510 3811 695 3872 dicebantur:
735 3817 826 3873 manis
838 3818 882 3873 bis
889 3821 1020 3892 genitum
1032 3817 1165 3894 appellat.

181 3888 269 3964 (iotta
290 3888 356 3944 exul
382 3904 530 3947 revocatus
553 3890 646 3947 fuerat
667 3893 698 3948 in
756 3895 889 3951 aVictus
915 3914 972 3948 una
993 3914 1059 3950 cum
1075 3893 1247 3970 Republica,

184 3964 328 4039 patriam,
348 3965 468 4022 factione
488 3967 614 4023 Mariana
643 3988 695 4046 per
733 3989 798 4026 cum
820 3971 926 4026 Murius
938 3969 1142 4026 dominaretur.

185 4039 295 4098 Sullam
314 4061 461 4120 oppressa,
479 4044 546 4111 inde
562 4063 592 4104 se
608 4045 694 4105 aRo·
751 4044 769 4105 5
790 4050 992 4121 ‚Vitaetmors
1008 4056 1137 4107 naturae
1156 4048 1244 4107 debe-
