2888 4748
412 328 602 398 BELLUM
629 325 971 396 CATILINARIUM
1187 333 1226 398 15

152 481 224 551 {leri
245 485 329 553 licet.
354 487 396 553 Et
419 488 476 578 qui
501 487 603 554 fecere
634 503 665 553 et
697 487 752 576 qui
783 487 866 552 laeta
891 487 1028 552 aliorum
1052 482 1227 574 scripsere,

152 595 245 660 multi
269 595 449 661 laudantur.
476 597 525 661 Ae
550 595 629 661 mihi
654 596 804 685 quidem,
828 596 953 660 tametsi
977 594 1228 682 haudquaquam
1298 679 1305 693 χ

150 726 210 791 par
234 703 335 792 gloria
359 719 511 794 sequatur
532 706 720 794 scriptorem
746 719 777 768 et
801 719 963 770 auctorem
979 724 1105 779 rerum3
1120 715 1228 765 tamen

151 811 185 874 in
210 812 322 900 primis
347 812 483 878 arduum
513 814 639 879 videtur
667 837 718 878 res
746 828 850 902 gestas
875 812 1013 876 seribere
1034 837 1040 874 :
1064 810 1228 899 primum,

151 919 240 1008 quod
263 919 347 985 facta
371 920 464 986 dietis
481 936 556 987 suut
572 922 796 1010 exaequanda:
813 920 948 1000 debinc,
968 919 1044 1009 quia
1063 917 1229 1008 plerique,

152 1051 235 1116 quae
263 1027 378 1092 delicta
407 1029 667 1119 reprehenderis,
696 1029 913 1094 malivolentia
938 1041 968 1092 et
992 1026 1114 1091 invidia
1142 1024 1228 1090 dieta

35 1199 45 1225 0
149 1149 284 1225 putant:
311 1135 367 1199 ubi
391 1135 430 1201 de
454 1160 568 1226 magna
592 1138 710 1204 virtute
735 1152 830 1226 atque
854 1136 955 1225 gloria
980 1135 1139 1200 bonerum
1163 1154 1227 1197 me·

150 1265 275 1323 mores,
299 1268 382 1333 quae
407 1245 468 1310 sibi
493 1246 629 1334 quisque
654 1245 761 1310 facilia
776 1245 863 1310 laetu
879 1258 986 1334 putat,
1002 1258 1104 1331 aequo
1121 1240 1228 1305 animo

61 1415 65 1426 ,
151 1352 288 1441 accipit:
315 1377 412 1444 supra
436 1378 473 1419 ea
494 1372 514 1434 ¹,
538 1354 637 1420 veluti
662 1351 737 1419 fieta
760 1376 818 1443 pro
843 1352 932 1418 salsis
956 1351 1053 1417 ducit.
1081 1350 1145 1414 Sed
1170 1371 1229 1438 ego
1258 1400 1265 1437 -·.

150 1460 409 1528 adolescentulus
423 1462 535 1542 initio,
562 1464 657 1528 sicuti
674 1463 839 1553 plerique,
850 1460 968 1545 ,studio
985 1458 1025 1524 ad
1040 1457 1230 1548 Rempubli·

150 1591 221 1634 eam
235 1569 319 1635 latus
337 1593 427 1652 sum,
451 1571 561 1660 ibique
577 1572 657 1636 mihi
673 1571 805 1637 adversa
828 1570 928 1635 multa
951 1569 1049 1634 luere.
1070 1567 1152 1631 Nam
1168 1586 1229 1656 pro
1256 1600 1263 1625 ,ι

79 1714 81 1718 ν
150 1677 294 1766 pudore,
316 1701 377 1768 pro
401 1680 593 1744 abstinentia
602 1704 693 1770 ,pro
718 1681 853 1758 virtute,
873 1676 1024 1759 audacia,
1048 1667 1209 1765 largitio
1220 1721 1233 1776 ,

151 1786 312 1851 avaritia
333 1787 490 1877 vigebant
518 1789 609 1871 Quae
625 1790 750 1852 tametsi
766 1789 891 1853 animus
917 1783 1190 1876 aspernabatur,
1182 1807 1230 1849 rn-

152 1895 258 1962 solens
276 1899 434 1963 malarum
454 1896 591 1974 artium3
611 1910 716 1960 tamen
736 1897 818 1959 inter
842 1908 930 1967 tanta
953 1893 1049 1974 vitia,
1068 1891 1229 1957 imbecilla

151 2018 237 2069 aetas
252 2005 425 2070 ambitione
442 2019 594 2093 corrupta
611 2004 794 2068 tenebatur:
811 2026 847 2084 ac
861 2025 931 2082 me,
945 2024 1020 2067 eum
1035 2001 1074 2065 ab
1089 1999 1228 2088 reliquo·

150 2133 224 2176 rum
240 2111 332 2178 malis
349 2113 493 2178 moribus
510 2112 722 2192 dissentirem,
737 2111 948 2176 nihilominus
963 2108 1094 2175 honoris
1108 2107 1228 2200 cupido

147 2218 261 2285 eadem
285 2245 366 2310 quae
390 2236 530 2303 eeteros,
554 2221 639 2286 fama
664 2236 759 2310 atque
784 2218 905 2286 invidia
928 2211 1096 2286 vexabatl.

197 2327 255 2394 IV.
281 2329 384 2420 Igitur
399 2330 455 2396 ubi
473 2331 599 2396 animus
615 2354 653 2395 ex
667 2329 776 2393 multis
793 2327 929 2392 miseriis
954 2341 1050 2414 atque
1073 2323 1227 2414 perieulis

73 2515 77 2520 ,
149 2438 333 2526 requievit,
356 2453 386 2504 et
409 2439 490 2502 mihi
513 2440 670 2525 reliquam
695 2450 828 2500 aetatem
860 2459 878 2498 a
909 2432 1088 2523 Republica
1111 2431 1227 2521 procul

149 2543 330 2612 habendam
344 2546 482 2624 decrevi,
497 2546 636 2610 nonfuit
653 2543 824 2609 consilium
838 2541 981 2608 secordia
995 2555 1090 2629 atque
1105 2538 1227 2607 desidia

150 2653 273 2719 bonum
297 2654 399 2719 otium
423 2670 606 2735 conterere,
634 2675 738 2740 neque
768 2675 843 2718 vero
873 2675 984 2742 agrum
1008 2649 1142 2716 colendo
1171 2665 1228 2718 aut

150 2762 321 2845 venando,
352 2763 521 2831 servilibus
552 2761 667 2828 officiis
695 2762 706 2796 ⁵
734 2762 920 2842 intentum,
943 2775 1078 2827 aetatem
1107 2783 1226 2850 agere:

151 2877 206 2942 sed
228 2901 243 2941 a
266 2902 330 2967 quo
351 2878 479 2968 incepto
500 2877 669 2966 studioque
693 2900 743 2942 me
767 2875 897 2941 ambitio
922 2876 1005 2940 mala
1028 2876 1226 2960 detinuerat,

149 2986 261 3051 eodem
285 3010 467 3075 regressus,
491 2987 587 3051 statui
602 3008 653 3050 res
669 2999 772 3075 gestas
788 2986 901 3075 populi
918 2985 1055 3049 Romani
1071 2987 1225 3075 carptim,

150 3107 187 3160 ut
215 3118 360 3184 quaeque
389 3094 541 3169 memoria
565 3093 661 3184 digna
684 3093 897 3174 videbantur,
927 3092 1155 3182 prescribere:
1186 3117 1224 3159 eo

149 3202 250 3290 magis
275 3201 362 3291 quod
385 3203 464 3267 mihi
489 3226 506 3266 a
530 3225 602 3292 spe,
626 3216 731 3282 metu,
755 3200 899 3291 partibus
924 3200 1134 3292 Reipublicae
1158 3203 1224 3269 ani·
1308 3182 1313 3191 Ι

149 3332 221 3373 mus
245 3309 327 3374 liber
351 3325 425 3375 erat.
450 3311 554 3399 Igitur
569 3309 608 3375 de
624 3309 781 3374 Catilinae
797 3310 1036 3393 conjuratione,
1060 3333 1156 3398 quam
1172 3333 1223 3376 ve·

148 3416 275 3481 rissime
293 3430 425 3506 potero,
448 3418 559 3509 paucis
576 3416 746 3483 absolvam.
771 3416 853 3480 Nam
869 3416 903 3481 id
920 3417 1044 3483 lacinus
1062 3418 1094 3482 in
1110 3417 1223 3506 primis

149 3546 208 3613 ego
233 3523 437 3589 memorabile
456 3525 628 3606 existumo,
647 3524 773 3591 sceleris
795 3540 889 3614 atque
912 3525 1049 3616 periculi
1072 3524 1221 3590 novitate.

174 3752 185 3789 1
208 3733 286 3791 Idest
307 3730 360 3788 sibr
380 3727 574 3819 impossibilia
724 3729 744 3802 4
762 3732 837 3787 Eum
850 3730 994 3789 honorum
1015 3745 1043 3789 et
1062 3733 1153 3790 famae
1170 3755 1222 3793 eu

170 3809 329 3878 nEulis,
351 3808 504 3874 conviviis,
524 3809 669 3865 frumento
706 3807 776 3883 prdo
785 3809 917 3878 vexabat,
927 3822 1013 3884 atque
1023 3807 1145 3865 alvorum
1159 3811 1220 3888 glo

151 3831 305 3942 distributo
318 3851 509 3960 captabantui
523 3885 664 3973 suffragia.
705 3884 764 3940 riae
781 3884 896 3942 invidia

169 3961 186 4018 3
208 3962 246 4018 Ut
263 3961 448 4036 largirentur,
456 3981 529 4038 opus
541 3960 665 4019 eratali·
723 3958 741 4016 5
763 3960 844 4030 Quae
865 3960 993 4036 eorporis
1015 3961 1139 4033 servitio,
1159 3984 1220 4022 nou

151 4057 225 4116 quos
236 4037 370 4117 expilare
703 4037 790 4092 animi
809 4037 914 4096 virtute
934 4050 1082 4114 parantur
