2888 4748
209 357 311 457 412⁸
540 353 577 419 o.
602 326 750 418 cursrr
777 347 1018 418 ssnnusrn

235 519 350 596 postea
369 503 485 569 milites
506 503 661 593 palantis,
682 501 830 582 inermis,
845 501 965 592 quippe
980 501 1014 566 in
1028 498 1085 566 teli
1103 497 1156 566 die
1176 522 1215 568 ae
1236 499 1307 571 sino

237 613 385 700 imperio,
401 611 638 700 adgrediuntur.
655 607 745 674 Idem
759 609 867 699 plebes
882 608 969 690 facit,
983 631 1057 698 pars
1073 607 1178 675 edocti
1192 611 1233 676 ab
1246 635 1301 677 no·

236 717 377 798 bilitate,
392 718 448 782 alii
463 717 568 782 studio
585 716 696 781 talium
712 739 819 780 rerum
833 715 974 795 incitati,
992 715 1082 804 queis
1105 731 1176 782 aeta
1199 718 1302 783 eonsi-

236 823 381 914 liumqne
395 824 616 914 ignorantibus
631 823 788 889 tumultus
803 823 872 913 ipse
890 836 921 888 et
942 844 992 887 res
1014 845 1114 890 novae
1136 824 1211 891 satis
1232 824 1300 915 pla·

235 931 358 996 cebant

282 1038 408 1103 LXXI.
435 1039 573 1104 Romani
588 1039 724 1119 milites,
747 1038 909 1128 inproviso
925 1054 1029 1120 metu,
1049 1038 1162 1105 incerti
1184 1039 1298 1131 ignari·

234 1169 316 1233 que,
339 1145 417 1234 quid
439 1145 652 1236 potissumum
676 1146 835 1226 facerent,
853 1146 1011 1237 trepidare
1027 1161 1036 1186 ¹
1051 1147 1091 1213 ad
1115 1170 1219 1213 arcem
1242 1172 1296 1236 op-

231 1251 323 1342 pidi,
344 1251 402 1317 ubi
419 1252 508 1340 signa
524 1267 555 1316 et
571 1267 660 1318 scuta
677 1266 786 1316 erant:
808 1252 1003 1339 praesidium
1017 1252 1175 1334 hostium,
1189 1268 1298 1343 portae

232 1373 307 1423 ante
322 1359 449 1439 clausae
464 1359 572 1448 fugam
590 1359 821 1448 prohibebant:
845 1359 962 1424 adhoc
978 1359 1125 1424 mulieres
1140 1361 1298 1448 puerique

230 1488 291 1556 pro
307 1465 399 1530 tectis
415 1465 633 1530 aedificiorum
649 1488 722 1529 saxa
742 1479 773 1529 et
796 1464 876 1545 alia,
898 1488 979 1554 quac
999 1465 1090 1530 loeus
1110 1467 1296 1556 praebebat,

178 1579 181 1585 '
230 1572 377 1637 certatim
393 1573 525 1638 mittere.
543 1573 592 1635 Ita
608 1595 711 1660 neque
726 1572 832 1636 caveri
848 1596 965 1661 anceps
980 1579 990 1602 ¹
1005 1571 1142 1653 malum,
1158 1597 1261 1662 neque
1276 1598 1296 1637 a

230 1677 424 1743 fortissumis
447 1678 676 1744 infirmissumo
699 1677 808 1767 generi
831 1678 937 1743 resisti
958 1701 1077 1769 posse:
1105 1682 1193 1762 juxta
1219 1680 1296 1744 boni

167 1852 169 1857 ,
229 1785 390 1874 malique,
405 1787 527 1850 strenui
546 1801 578 1851 et
598 1785 740 1850 imbelles
763 1784 858 1850 inulti
881 1785 1069 1852 obtruncati.
1086 1786 1125 1852 In
1148 1809 1185 1850 ea
1208 1802 1295 1852 tanta

229 1893 419 1982 asperitate,
443 1893 645 1958 saevissumis
662 1891 809 1957 Numidis
825 1904 857 1956 et
872 1893 991 1981 oppido
1007 1892 1149 1984 undique
1168 1893 1295 1976 elimo,

231 2000 399 2088 Turpilius
414 1999 592 2089 praefectus
616 2023 700 2065 unus
724 2023 761 2064 ex
785 2001 933 2066 omnibus
957 2000 1077 2066 Italicis
1091 2000 1232 2092 profugit
1247 2003 1295 2066 in-

227 2117 352 2170 tactus:
368 2107 402 2171 id
417 2106 632 2170 misericordia
648 2129 688 2170 ne
702 2105 856 2195 hospitis,
872 2131 912 2172 an
927 2109 1086 2198 pactione,
1103 2131 1143 2172 an
1159 2131 1234 2174 casu
1250 2110 1294 2174 ita

116 2274 128 2294 .,
228 2215 389 2292 evenerit,
404 2237 519 2302 parum
535 2214 766 2302 comperimus:
782 2215 844 2278 nisi
860 2215 936 2304 quia
955 2216 1003 2278 illi
1027 2216 1060 2278 in
1084 2230 1170 2280 tanto
1193 2217 1294 2297 malo,

228 2320 333 2410 turpis
357 2320 422 2386 vita
443 2321 565 2409 integra
588 2321 671 2384 fama
694 2322 800 2409 potior
822 2320 903 2402 fuit,
918 2322 1072 2410 inprobus
1092 2323 1292 2386 intestabilis-

225 2450 292 2516 que
314 2423 326 2462 ³
346 2428 480 2493 videtur.
506 2428 672 2508 Metellus,
692 2442 862 2518 postquam
884 2427 923 2493 de
946 2429 1041 2493 rebus
1064 2430 1190 2517 Vaccae
1212 2429 1292 2494 actis

227 2536 402 2624 comperit,
417 2535 592 2624 paullisper
608 2550 746 2600 moestus
762 2558 779 2598 e
796 2551 969 2627 conspectu
984 2534 1081 2601 abiit:
1097 2535 1221 2616 deinde,
1236 2536 1293 2601 ubi

225 2641 275 2705 ira
291 2656 322 2705 et
338 2641 502 2729 aegritudo
516 2643 668 2730 permista
684 2656 769 2721 sunt,
784 2664 858 2707 cum
873 2665 1020 2706 maxuma
1036 2666 1112 2707 cura
1127 2643 1231 2707 ultum
1246 2643 1293 2707 ire

226 2746 362 2830 injurias
378 2748 512 2812 festinat.
522 2750 706 2838 Legionem,
723 2773 796 2814 eum
812 2773 875 2840 qua
891 2749 1049 2814 hiemabat
1064 2765 1095 2815 et
1110 2772 1205 2838 quam
1219 2750 1290 2838 plu·

227 2854 326 2918 rimos
341 2868 457 2943 potest,
474 2854 629 2920 Numidas
645 2857 767 2944 equites
782 2857 901 2947 pariter
925 2881 999 2921 eum
1021 2880 1135 2920 occasu
1151 2855 1226 2921 solis
1241 2879 1292 2919 ex-

225 2960 351 3050 peditos
365 2960 486 3054 educit:
496 2976 661 3050 etpostera
676 2963 727 3028 die
742 2964 868 3028 circiter
882 2962 993 3026 horam
1008 2963 1131 3026 tertiam
1145 2962 1290 3051 pervenit

225 3068 261 3130 in
285 3068 456 3157 quamdam
477 3069 661 3158 planitiem,
683 3057 763 3134 loeis
783 3069 892 3158 paullo
916 3068 1132 3156 superioribus
1155 3067 1289 3134 eircum-

226 3189 362 3240 ventam.
380 3175 429 3239 lbi
445 3175 578 3257 milites,
601 3177 700 3242 fessos
724 3175 846 3239 itineris
870 3173 1087 3263 magnitudine
1103 3178 1212 3259 etjam
1235 3176 1287 3239 ab·

225 3283 355 3346 nuentis
379 3283 504 3363 omnia,
527 3283 620 3349 docet
641 3282 795 3373 oppidum
809 3284 950 3349 Vaeeam
969 3279 1033 3346 non
1050 3282 1185 3374 amplius
1201 3284 1288 3346 mille

224 3411 379 3476 passuum
395 3389 523 3454 abesse:
547 3390 658 3456 decere
678 3392 751 3458 illos
772 3390 932 3480 reliquum
946 3389 1088 3455 laborem
1103 3414 1204 3480 aequo
1220 3391 1287 3455 ani·

246 3663 257 3700 1
280 3642 370 3700 Idest:
391 3645 552 3720 Confugere
570 3645 607 3701 ad
623 3666 735 3715 arcem,
773 3645 887 3723 fugere,
899 3665 976 3702 mors
988 3647 1095 3722 ubique
1108 3643 1284 3702 occurrebat.

224 3720 276 3776 ubi
304 3732 382 3775 scuta
409 3734 506 3788 erant;
531 3721 581 3777 sed
605 3735 633 3778 et
658 3722 736 3778 illam
792 3722 809 3778 5
831 3723 948 3799 Proprie
966 3723 1017 3798 qui
1028 3742 1080 3778 nee
1091 3720 1283 3777 testimonium

223 3796 385 3854 Vaceenses
395 3797 537 3871 praesidio
550 3799 695 3865 tenebant,
707 3811 735 3853 et
774 3797 884 3866 dicere,
894 3818 947 3854 nec
964 3809 1160 3854 testamentum
1174 3795 1282 3863 facere,

224 3871 304 3926 urbis
320 3883 419 3946 portas
436 3871 611 3943 clauserant,
626 3895 663 3929 ne
681 3873 734 3928 sibi
773 3885 1112 3930 autetestamentoeonse
1136 3872 1164 3926 ui
1174 3870 1283 3949 aliquid

223 3945 260 4000 de
272 3946 403 4003 manibus
415 3946 516 4004 milites
528 3949 567 4004 eri
590 3962 713 4008 erentur.
771 3960 872 4027 potest.
885 3949 939 4003 Hie
949 3967 1003 4022 pro
1013 3893 1169 4006 detestabili
1178 3959 1205 4004 et
1216 3967 1282 4004 exe·

243 4022 338 4082 ebeu
366 4042 496 4104 pugnare
525 3969 653 4097 vellent,
684 4044 734 4082 seu
774 4024 879 4082 orendo
890 4023 1016 4101 ponitur.
