2888 4748
421 309 612 385 ssmuu
635 305 970 400 Jnnuurmmm
1186 319 1231 403 ss
1267 299 1270 302 ’

166 493 278 558 perum
296 475 324 549 ¹,
339 492 433 556 quum
457 484 564 546 reete,
581 466 719 551 secisse3
741 463 799 529 sed
821 488 883 544 ne,
903 446 1090 550 ignoscendo
1115 460 1232 546 molis,

168 579 265 642 bonos
278 575 436 664 perditum
451 576 540 640 eatis.
557 574 606 638 Ad
628 573 686 637 lioc
710 573 743 635 in
768 571 943 657 Republica
966 570 1065 635 multo
1086 574 1256 657 praestas

168 682 315 768 beneficii
325 728 335 764 ,
355 708 450 770 quom
466 682 618 766 maleficii
640 683 843 744 inmemorem
866 687 942 743 esse.
960 682 1067 743 Bonus
1092 693 1234 741 tuntum:

167 788 257 855 modo
272 793 397 876 segnior
401 792 466 874 fit,
481 790 538 852 ubi
551 789 719 874 neglegas:
738 803 772 851 ut
787 786 890 850 melus
907 785 1078 872 inprobior.
1094 785 1144 849 Ad
1158 784 1233 866 Itoe,

125 968 131 982 J
165 901 195 962 si
208 901 346 982 injuriae
362 923 426 962 non
441 899 505 960 sint
519 899 550 975 ²,
566 895 653 960 houd
667 907 760 981 saepe
776 895 897 958 auxilii
912 918 1013 979 egeas.

173 1078 175 1085 Ι
211 1003 395 1070 XXXVII.
421 1004 509 1068 Haec
531 1002 626 1091 atque
646 986 707 1066 alia
730 993 951 1087 hujuscemodi
976 1023 1069 1089 saepe
1085 987 1234 1084 dicendo,

166 1109 203 1174 G.
214 1110 385 1175 Memmius
400 1109 521 1198 populo
537 1109 682 1181 Romano
696 1109 877 1200 persuadet,
884 1109 932 1173 uti
941 1109 977 1172 L.
990 1107 1120 1173 Cassius
1134 1116 1158 1189 ⁸,
1174 1104 1233 1197 qui

161 1230 232 1281 tum
245 1231 372 1306 praetor
387 1231 473 1296 erat,
489 1214 529 1280 ad
543 1216 738 1304 Jugurtham
753 1215 948 1296 mitteretur,
965 1238 1119 1304 eumque,
1133 1213 1231 1280 inter-
1295 1288 1301 1299 Ι

163 1323 267 1412 posita
281 1320 344 1387 fide
359 1319 499 1412 publica,
514 1323 650 1387 Romam
665 1323 809 1404 duceret,
825 1347 889 1411 quo
904 1321 1031 1389 facilius
1046 1320 1166 1388 indicio
1183 1345 1231 1389 re·

160 1429 231 1516 gis,
256 1429 369 1495 Scauri
390 1444 421 1495 et
442 1429 658 1518 reliquorum,
678 1453 759 1520 quos
782 1424 939 1519 pecuniae
962 1444 1073 1520 captae
1094 1452 1232 1496 arcesse·

162 1535 259 1616 bant,
281 1536 395 1602 delicta
414 1535 608 1626 patefierent
626 1538 714 1602 Dum
736 1537 815 1602 haec
839 1538 960 1601 Romae
982 1549 1155 1626 geruntur,
1171 1535 1229 1626 qui

161 1641 195 1706 in
212 1642 361 1711 Numidia
375 1643 478 1709 relicti
493 1667 511 1707 a
527 1643 632 1709 Bestia
652 1644 805 1710 exercitui
826 1658 1013 1734 praeerant,
1037 1643 1139 1709 secuti
1162 1665 1231 1728 mo<

160 1770 229 1817 rem
251 1749 450 1840 imperatoris
475 1751 544 1831 sui,
567 1751 706 1840 plurima
736 1766 768 1816 et
799 1750 1056 1839 flagitiosissuma
1086 1750 1230 1816 facInora

128 1864 132 1872 '
160 1853 270 1921 fecere
288 1859 409 1936 Fuere,
425 1857 481 1946 qui
498 1881 575 1923 auro
591 1859 750 1948 corrupti,
766 1859 951 1947 elephantos
966 1857 1148 1946 Iugurthae
1163 1872 1228 1946 tra·

160 1961 288 2039 dorent,
310 1962 365 2026 alii
386 1962 534 2051 perfugas
556 1964 746 2045 tenderent,
768 1988 843 2054 pars
866 1989 903 2030 ex
924 1965 1072 2054 pacatist
1092 1964 1229 2054 praedas

160 2069 301 2154 agebant.
320 2070 422 2133 Tanta
436 2069 484 2134 sis
501 2070 650 2136 avaritiae
665 2070 699 2134 in
715 2072 838 2137 animos
854 2095 983 2152 eorum,
998 2070 1098 2139 veluti
1119 2072 1227 2155 tabes,

99 2257 101 2261 ι
158 2173 325 2238 invaserat.
342 2173 387 2240 At
404 2176 533 2245 Cassius
548 2192 685 2267 praetor,
700 2179 822 2267 perlata
834 2179 997 2268 rogatione
1012 2179 1056 2242 ’a
1073 2179 1109 2242 G.
1124 2178 1225 2242 Mem·

158 2280 242 2362 mio,
265 2305 301 2347 ac
319 2283 465 2372 perculsa
481 2285 568 2349 omni
583 2285 765 2366 nobilitate,
782 2284 822 2350 ad
837 2289 858 2350 J
863 2287 1031 2377 ugurtham
1046 2282 1223 2374 proficisci-

158 2400 237 2453 tur:
261 2389 374 2478 eique,
396 2391 506 2454 timido
529 2405 560 2456 et
584 2415 620 2456 ex
643 2391 837 2457 couscientia
854 2392 1011 2457 diffidenti
1026 2393 1121 2458 rebus
1137 2391 1224 2475 suis,

155 2495 342 2584 persuadet,
357 2500 506 2582 quoniam
529 2522 562 2561 se
583 2498 702 2583 populo
718 2502 858 2563 Romano
873 2500 1065 2578 dedidisset,
1081 2523 1120 2562 ne
1131 2499 1222 2578 sim,

156 2617 252 2686 quam
266 2604 513 2668 misericordiam
528 2608 608 2688 ejus,
624 2609 767 2692 experiri
781 2607 880 2672 malit.
891 2606 1046 2673 Privatim
1056 2619 1220 2696 praeterea

154 2704 250 2777 Iidem
266 2731 355 2772 suam
370 2707 562 2799 interponit,
578 2735 675 2801 quam
689 2712 744 2779 ille
759 2735 824 2778 non
839 2713 990 2794 minoris,
1003 2735 1098 2804 quam
1113 2709 1219 2804 publi·

153 2836 223 2878 cam
237 2813 379 2880 ducebat.
399 2818 484 2883 Talis
500 2842 536 2882 ea
551 2832 735 2909 tempestate
750 2820 834 2886 sama
849 2822 887 2886 de
905 2821 1017 2888 Cassio
1032 2834 1109 2886 erat.

198 2922 399 2986 XXXVIII.
424 2925 526 3014 Igitur
541 2929 562 2992 J
565 2929 718 3017 ugurtha,
733 2947 842 3007 contra
859 2932 956 2997 decus
970 2929 1110 3020 regium,
1126 2926 1216 2994 cultu

152 3051 247 3116 quam
261 3051 407 3097 maxume
422 3033 594 3100 miserabili
609 3039 639 3119 ⁶,
661 3059 735 3105 cum
760 3040 871 3105 Cassio
894 3040 1029 3104 Romam
1053 3035 1148 3105 venit.
1166 3032 1217 3099 Ao

173 3255 183 3290 1
207 3234 291 3291 Plebs
300 3235 335 3292 de
343 3239 497 3298 nobilitatis
510 3244 664 3304 sceleribus
702 3246 766 3304 tatis
797 3248 941 3305 otentiam.

144 3310 318 3379 laetabatur,
328 3328 479 3400 propterea
490 3319 568 3393 quod
581 3340 609 3377 se
621 3324 663 3378 of·
719 3327 737 3392 4
783 3343 801 3377 x
819 3324 988 3399 regionibus
999 3333 1027 3380 et
1036 3319 1153 3401 populis
1162 3341 1215 3400 pa-

52 3414 55 3420 >
148 3386 257 3443 screbat
269 3407 379 3444 occasio
401 3393 554 3451 sumendae
565 3416 600 3452 ex
608 3397 662 3455 ini-
701 3398 818 3453 sificatis
829 3413 856 3454 et
868 3399 1010 3474 subjectis.

149 3463 229 3519 micis
241 3483 360 3552 poenae.
719 3472 735 3529 5
755 3475 839 3550 Lege,
856 3489 889 3531 ut
909 3477 962 3532 iret
981 3475 1018 3531 sd
1031 3477 1215 3553 Jugurtham,

170 3556 185 3593 n
205 3537 297 3595 Idest:
321 3536 351 3595 St
368 3539 473 3597 scelera
483 3545 660 3618 punientur,
699 3562 727 3603 et
738 3569 814 3619 eum,
832 3551 998 3628 interposita
1011 3551 1067 3610 fide
1078 3554 1214 3630 publica,

148 3633 208 3669 non
221 3627 262 3701 tot
270 3615 300 3668 in
308 3628 455 3691 posterum
464 3619 545 3676 vobis
556 3635 584 3677 et
595 3623 660 3679 Rei·
699 3623 821 3680 Romam
833 3625 958 3686 duceret.

147 3687 280 3763 publicae
291 3691 448 3748 inserentur
459 3694 592 3769 injuriae3
610 3719 660 3753 ne·
717 3701 735 3756 6
757 3701 857 3770 Qualis
876 3703 946 3759 solet
966 3722 1025 3760 esse
1038 3722 1152 3760 reorum
1164 3715 1214 3762 aut

51 3794 55 3802 ·
149 3784 205 3837 que
216 3765 286 3854 adeo
299 3767 447 3825 tribunitio
460 3771 541 3828 toties
554 3773 660 3849 auxilio
699 3773 936 3854 deprecantium,
968 3780 1032 3855 quis
1053 3778 1213 3837 misericor·

148 3839 274 3968 egebitis.
696 3849 773 3908 diam
789 3856 912 3910 excitare
923 3855 1019 3912 velint:
1031 3868 1108 3913 veste
1118 3855 1213 3944 squal-

204 3915 256 3972 Vir
265 3935 393 4008 summae
399 3922 553 3979 severitatis
560 3922 660 4000 plures
696 3926 753 3984 lida
759 3952 767 3998 3
783 3929 874 3986 barba
886 3929 1047 4009 capilloque
1056 3950 1215 4010 promissis,

147 3985 222 4067 leges
233 3990 298 4051 tuht
308 3992 344 4049 ad
356 3997 539 4057 minuendam
555 3999 658 4057 nohili-
