2888 4748
1141 305 1191 366 xv

105 413 201 513 het,
222 443 273 498 ne
303 415 401 498 alios
433 417 478 494 in
507 439 682 499 errorem
707 414 900 531 inducat,
920 419 1072 526 integra
1091 413 1190 500 fides

108 571 244 673 negari
265 593 348 644 non
368 581 508 674 potest.

157 716 211 794 At
230 718 469 824 praecipuus
497 714 683 796 historiae
710 715 800 795 finis
830 714 980 801 utilitas
1009 729 1079 793 est
1110 714 1190 795 Hu-

104 892 222 944 mana
245 869 378 943 omnia
400 865 598 947 circulum
624 864 862 975 quemdam,
887 879 935 942 ut
961 864 1016 941 ita
1036 861 1191 956 dicam,

105 1029 370 1123 percurrunt3
391 1030 431 1093 ct
451 1018 564 1095 annis
584 1015 859 1120 volventibus,
879 1010 980 1091 illuc
999 1008 1193 1107 redeunt,

104 1161 215 1241 unde
242 1161 517 1243 discesserunt.
544 1166 655 1265 Quae
685 1162 872 1270 fugienda
899 1189 1082 1272 quaeque
1105 1163 1194 1240 imi·

105 1310 229 1390 tanda
259 1312 440 1421 exempla
463 1329 554 1392 ante
575 1313 712 1394 oculos
738 1316 853 1420 ponit
880 1313 1054 1393 historia.
1081 1314 1193 1394 Atta-

104 1488 200 1541 men
226 1463 261 1539 si
286 1464 376 1568 quis
403 1477 608 1568 tamquam
627 1490 700 1569 pro
721 1461 914 1541 tribunali
935 1459 1099 1556 sedens,
1120 1452 1192 1542 aut

105 1634 128 1687 e
160 1624 369 1714 suggestu,
400 1636 466 1687 ore
498 1609 760 1703 altitonante,
796 1611 856 1690 rei
892 1608 1079 1718 politicae
1111 1637 1194 1692 cre·

103 1758 176 1838 bra
209 1760 362 1865 injiciat
395 1777 607 1866 praecepta
637 1775 677 1838 et
707 1763 889 1838 omnium
920 1764 1073 1839 animos
1106 1787 1193 1868 per·

101 1911 268 1988 scrutari
301 1906 537 1999 contendat,
559 1910 602 1983 in
634 1906 804 1986 aliorum
835 1909 1099 1989 offensionem
1131 1911 1192 1990 in·

102 2061 251 2149 currit,
283 2072 324 2134 et
358 2080 533 2132 amorem
562 2057 647 2150 sui,
680 2085 759 2165 quo
794 2060 964 2165 quisque
996 2057 1193 2152 trahitur,

102 2208 240 2284 irritat
270 2206 389 2283 Facta
421 2204 500 2282 sibi
523 2219 570 2282 ut
599 2209 828 2297 evenerint,
849 2205 1022 2285 fideliter
1043 2223 1084 2285 et
1104 2209 1191 2285 sine

102 2355 193 2433 fuco
214 2353 352 2433 referri
370 2352 462 2433 vult
480 2351 631 2456 lector,
660 2349 709 2429 de
738 2355 868 2456 iisque
898 2354 1068 2457 ipsemet
1086 2352 1193 2456 judi-

103 2504 213 2580 cium
226 2502 337 2579 ferre.
351 2501 425 2578 Ars
440 2501 559 2602 igitur
571 2497 752 2577 historici
772 2525 817 2576 ea
838 2515 898 2577 est
917 2501 1188 2606 potissimum,

101 2667 150 2730 ut
177 2649 345 2729 lectores
375 2652 570 2741 instruat,
601 2649 702 2756 quin
732 2649 912 2728 animum
942 2652 1019 2758 ipsi
1050 2649 1187 2736 adver·

102 2813 211 2895 tant,
230 2817 350 2906 atque
371 2798 520 2878 ethices
539 2814 749 2907 praecepta
769 2800 1060 2880 narrationibus
1082 2804 1185 2881 inse·

102 2964 188 3042 rat,
215 2914 319 3055 quae·
337 2947 418 3027 fere
439 2976 509 3026 sua
530 2965 669 3054 sponte
691 2949 852 3029 effluere
872 2950 1110 3032 videanturz
1141 2953 1188 3027 in

101 3094 179 3175 hac
197 3123 291 3180 vero
312 3113 393 3175 arte
413 3097 579 3174 mirifice
603 3095 814 3176 Sallustius
836 3097 1034 3176 excelluit.

154 3245 298 3324 Omnia
318 3248 400 3352 ipse
422 3247 637 3354 perspicit,
657 3248 719 3323 uti
737 3210 780 3323 re
800 3275 894 3328 vera
914 3263 1032 3341 sunt,
1055 3275 1183 3356 eaque
1219 3335 1221 3343 ,

31 3481 33 3485 .
101 3412 237 3499 narrat
256 3397 317 3473 uti
336 3384 544 3501 perspexit.
565 3396 699 3473 Varias
719 3393 930 3475 hominum
956 3396 1183 3476 affectiones

106 3531 150 3624 et
167 3544 405 3652 cupiditates
420 3542 619 3637 describit,
637 3546 736 3650 quin
756 3543 840 3624 ulla
860 3563 1070 3653 praecepta
1091 3573 1182 3624 con·

106 3698 255 3775 stituat.
275 3698 324 3776 Et
343 3699 376 3776 si
396 3696 495 3803 quid
515 3693 727 3804 aliquando
745 3693 1077 3774 considerandum
1098 3721 1186 3801 pro·

105 3849 234 3952 ponit,
250 3848 293 3926 id
308 3864 465 3954 ‘partem
486 3875 579 3926 suae
596 3848 783 3927 orationis
797 3844 930 3939 efficit,
950 3871 1043 3923 cum
1059 3870 1186 3952 eaque

99 3997 271 4081 »vinomo
300 3997 473 4108 quodam
506 4002 741 4110 conjungit:
781 4024 913 4106 neque
944 4022 1137 4106 umquam
1168 4024 1190 4076 a
