2888 4748
643 312 796 394 trra
1248 320 1265 388 t

182 493 233 549 'est
255 465 426 572 propterea
456 469 672 540 familiaritate
703 473 792 560 Ateji
821 471 1029 556 Praetestati,
1053 469 1266 565 cognomento

185 601 367 693 Philologi,
392 599 450 691 qui
473 596 690 689 eloquentiam
713 598 836 664 Romae
859 598 1078 690 profitebatur.
1104 599 1168 662 Hic
1190 613 1268 664 vcro

183 728 361 821 praecipua
391 724 421 789 ei
451 723 672 789 Romanorum
696 721 781 788 facta
805 723 987 789 summatim
1011 720 1201 811 descripsit,
1224 746 1268 785 ex

183 851 322 940 quibus,
345 870 428 937 quoe
446 847 554 926 vellet,
570 848 703 933 eligeret
722 854 740 910 ¹.
761 845 826 912 Sed
840 847 948 939 ipsum
964 871 1066 936 usque
1083 845 1123 910 ad
1139 844 1269 934 triginta

182 996 344 1041 annorum
360 985 495 1038 aetatem
509 970 543 1035 in
560 970 599 1036 iis
614 970 716 1037 literis
729 986 903 1055 versatum,
913 970 1268 1061 ambitio,partiumqus

184 1098 349 1178 studium,
372 1110 404 1161 et
427 1093 558 1176 odium,
581 1094 697 1186 quoin
713 1097 869 1162 Milonem
893 1094 1058 1186 flagrabat,
1083 1107 1270 1173 avocarunt3
1309 1121 1312 1129 ·

184 1220 400 1310 civilibusque
413 1242 448 1285 se
464 1218 571 1311 abripi
586 1219 883 1311 perturbationibus
897 1243 1010 1310 passus
1027 1233 1082 1284 est.
1100 1219 1184 1282 Cum
1195 1217 1269 1282 Clo-

181 1343 258 1411 dius
275 1344 395 1434 aliique
411 1341 619 1409 Catilinariae
636 1343 869 1429 conjurationis
886 1341 1076 1408 clandestini
1093 1342 1269 1432 participes
1355 1331 1356 1335 ¹

183 1467 410 1556 fautoresque,
438 1481 475 1532 ut
498 1467 533 1531 in
558 1466 690 1533 exilium
716 1467 831 1531 dicero
854 1465 1046 1556 pelleretur,
1071 1463 1271 1544 effecissent,

184 1589 274 1682 quod
296 1590 324 1655 is
348 1604 460 1657 contre
483 1591 570 1682 leges
592 1592 698 1682 capite
715 1595 900 1678 conjuratos
918 1590 1118 1669 damnasset3
1135 1588 1271 1678 Pompe-

184 1717 239 1800 jus
262 1714 388 1781 senatui
412 1730 539 1805 gratum
564 1715 719 1796 facturus,
744 1715 947 1780 consulatum
970 1711 1135 1803 pollicitus
1152 1712 1271 1776 Miloni

184 1837 318 1905 tribuno
340 1838 465 1928 plebis,
488 1852 600 1905 auctor
616 1838 678 1905 fuit
693 1854 730 1906 ut
749 1839 820 1929 lege
838 1839 903 1903 lata
922 1838 1036 1902 Cicero
1053 1838 1093 1902 ab
1110 1837 1204 1903 exilio
1222 1859 1269 1901 rea

186 1979 377 2042 vocaretur3
401 1962 489 2054 quod
510 1986 576 2028 non
594 1964 664 2028 sine
678 1963 769 2053 gravi
788 1963 895 2028 Clodii
912 1962 1142 2053 popularisque
1160 1961 1270 2027 factio⁴

185 2087 239 2152 nis
263 2085 442 2152 offensione
456 2084 597 2176 perfecit.
619 2087 704 2152 Tum
720 2109 797 2155 vero
813 2085 985 2152 Sallustius
1002 2086 1270 2166 animadvertens,

187 2209 301 2275 amicis
317 2223 348 2275 et
363 2208 414 2291 iis,
424 2210 481 2300 qui
496 2209 530 2275 in
551 2234 610 2276 sue
625 2225 716 2301 parte
732 2225 834 2292 erant,
842 2210 948 2292 victis,
956 2210 1155 2276 nobilitatem
1171 2210 1272 2274 domi-

188 2333 279 2414 nari,
303 2334 451 2423 Pompeii
474 2333 509 2397 in
533 2333 602 2398 dies
621 2334 799 2423 potentiam
816 2333 946 2420 augeri,
970 2357 1007 2398 ac
1025 2325 1180 2397 Milonem
1192 2328 1271 2398 'con-

190 2458 294 2523 sulem
316 2456 410 2522 facile
434 2455 600 2535 futurum,
623 2456 672 2519 ira
695 2448 893 2544 ultionisque
917 2455 1094 2548 cupiditate
1119 2449 1273 2546 flagrans,

191 2579 307 2649 studiis
332 2579 398 2644 suis
422 2578 631 2660 intermissis,
663 2602 682 2642 a
704 2579 827 2669 populo
852 2580 1051 2646 tribunatum
1066 2581 1159 2672 petiit
1174 2567 1273 2672 impe-

189 2703 351 2792 travitque
368 2701 387 2765 ².
412 2702 604 2791 Magistratu
620 2701 674 2770 vix
688 2703 781 2783 inito,
799 2703 931 2769 Milonis
946 2705 1095 2796 petitioni
1110 2706 1272 2797 pervicaci

190 2826 270 2893 adeo
294 2824 485 2916 infensoque
509 2826 616 2891 animo
640 2825 826 2894 adversatus
852 2843 918 2910 est,
943 2841 979 2894 ut
1003 2852 1098 2920 saepe
1122 2853 1140 2894 a
1165 2831 1273 2897 convi'-

190 2949 251 3015 ciis
267 2949 308 3014 ad
323 2973 410 3014 arma
426 2950 460 3014 in
476 2948 546 3015 foro
561 2964 694 3017 ventum
709 2950 815 3018 fuerit.
833 2953 897 3018 Per
913 2952 998 3018 idem'
1014 2969 1140 3044 tempus
1158 2950 1275 3019 Miloni

193 3072 328 3139 Clodius
352 3074 386 3138 in
410 3073 463 3142 via
487 3072 596 3165 Appia
620 3074 748 3142 obviam
771 3074 896 3158 factus,
919 3099 1032 3142 coesus
1054 3078 1094 3143 ab
1118 3075 1174 3140 illo
1193 3091 1240 3142 est
1256 3073 1274 3138 ³.

192 3195 243 3260 Eo
258 3196 379 3261 nuncio
395 3197 533 3262 Romam
548 3198 665 3281 allato,
690 3197 886 3282 Sallustius,
910 3223 1005 3292 quam
1022 3200 1083 3267 sibi
1099 3199 1164 3265 fors
1188 3201 1276 3281 tulit,

191 3318 370 3384 ulciscendi
394 3320 525 3411 odiique
549 3321 600 3389 sui
625 3322 790 3389 saturandi
808 3325 977 3390 occasione
995 3337 1137 3416 arrepta,
1150 3325 1274 3415 magnis

190 3442 387 3509 clamoribus
409 3444 570 3534 populum
593 3447 627 3511 in
651 3446 758 3514 forum
782 3449 936 3530 vocavit,
960 3464 1056 3539 atque
1080 3447 1275 3540 prorostris

194 3565 302 3631 Glodii
326 3547 452 3633 nudum
474 3592 592 3661 corpus
612 3571 787 3662 multisque
803 3572 992 3639 vulneribus
1017 3587 1048 3637 et
1072 3593 1185 3638 cruore
1208 3569 1274 3634 foe·

191 3687 303 3755 datum
314 3691 486 3774 exhibens,
510 3716 667 3784 perquam
684 3694 860 3761 miserabili
877 3694 1122 3783 vehementique
1146 3693 1276 3757 concio·'

192 3811 263 3877 ue⁴
284 3814 319 3877 in
343 3813 580 3883 interfectorem
603 3820 738 3908 ejusque
761 3818 903 3885 fautores
923 3821 1073 3887 invectus
1093 3831 1148 3883 cst.
1168 3819 1276 3902 Quam

221 3993 232 4030 1
256 3971 332 4035 Svet.
355 3976 390 4034 de
410 3977 449 4038 ill.
472 4000 560 4057 gram.
583 4000 606 4040 e.
633 4002 674 4041 ro.
772 3981 791 4038 3
810 3982 864 4040 ΠΙ.
877 3980 940 4038 m
956 3981 1097 4041 Febrem,
1110 3981 1145 4040 U.
1160 3981 1192 4040 C.
1208 4001 1270 4058 702.

220 4068 236 4106 a
257 4051 309 4112 An.
332 4054 365 4111 U.
387 4055 419 4112 G.
435 4077 497 4132 701.
511 4059 637 4120 initurus
648 4075 712 4135 702.
773 4060 791 4130 4
812 4059 875 4119 Asc.
887 4057 1065 4119 todeneio,
1078 4077 1118 4118 or.
1129 4058 1259 4136 proMil.
