2888 4748
241 354 306 448 ns
535 378 570 445 c.
598 381 747 448 carsrr
773 369 1013 449 sinuosus

229 548 292 622 que
307 533 390 596 facto
407 531 494 610 ullo,
516 555 619 621 neque
642 533 726 598 dieto
751 533 927 615 abstinere,
944 532 1030 623 quod
1045 531 1140 596 modo
1153 529 1300 599 'ambitio-

231 663 302 705 sum
326 639 408 704 foret
425 645 454 701 ¹:
475 640 610 720 milites,
635 641 752 728 quibus
775 641 808 705 in
833 641 973 706 hibernis
996 655 1159 731 praeerat,
1182 641 1302 706 laxiore

231 747 385 836 imperio,
401 770 498 836 quam
521 762 632 827 antea,
647 747 784 813 hahere:
804 748 889 838 apud
912 749 1142 838 negotiatores,
1165 771 1301 837 quorum

231 878 345 943 magna
360 853 531 919 multitudo
548 855 664 920 Uticae
684 871 769 937 erat,
793 857 962 921 criminose
986 856 1082 922 simul
1105 871 1136 921 et
1158 853 1302 944 magnifi-

233 987 270 1028 ee
285 965 296 989 ¹
311 963 349 1026 de
372 962 455 1026 bello
477 962 588 1051 loqui:
609 964 743 1026 dimidia
757 991 833 1050 pars
849 942 1052 1029 exercitatori
1066 964 1127 1027 sibi
1140 967 1303 1048 permitte·

232 1087 341 1148 retur,
354 1073 467 1156 paucis
483 1071 594 1135 diebus
610 1072 800 1157 Iugurtham
825 1075 858 1136 in
882 1075 1003 1136 catenis
1027 1070 1208 1135 habiturum
1228 1097 1237 1134 .·
1259 1070 1300 1134 ab

234 1181 424 1263 imperatore
441 1179 583 1241 consulto
601 1179 686 1242 trahi
695 1229 705 1257 ,
721 1180 807 1264 quod
829 1179 919 1243 homo
944 1181 1049 1242 inanis
1073 1194 1105 1242 et
1127 1180 1231 1262 regiae
1250 1202 1302 1241 su·
1375 1249 1377 1253 ,

231 1285 379 1374 perbiae,
395 1287 526 1372 imperio
543 1288 637 1349 nimis
650 1286 812 1371 gauderet.
823 1287 914 1370 Quae
930 1287 1036 1351 omnia
1051 1285 1115 1350 illis
1132 1308 1169 1349 eo
1185 1282 1302 1348 firmio·

235 1416 271 1458 ra
292 1392 500 1473 videbantur,
524 1392 610 1482 quod
633 1393 841 1458 diuturnitate
856 1395 932 1459 helli
948 1418 997 1458 res
1013 1391 1178 1457 familiaris
1195 1414 1304 1456 eorru-

234 1515 375 1590 perant3
398 1514 429 1565 et
452 1501 558 1564 animo
583 1502 724 1590 cupienti
747 1498 758 1537 ³
782 1501 863 1564 nihil
887 1501 962 1566 satis
985 1499 1161 1565 festinatur.

283 1608 409 1672 LXIX.
435 1608 513 1672 Erat
535 1624 696 1698 praeterea
720 1609 754 1672 in
779 1610 923 1674 exercitu
942 1623 1050 1672 nostro
1071 1603 1209 1670 Numida
1233 1601 1302 1693 qui·

235 1714 328 1795 dam,
344 1715 472 1779 nomine
489 1715 621 1795 Gauda,
639 1717 857 1781 Mastanalrilis
873 1714 970 1796 filius,
986 1712 1175 1778 Masinissae
1191 1734 1305 1800 nepos,

236 1847 333 1912 quem
353 1823 490 1912 Micipsa
514 1838 700 1888 testamento
724 1825 900 1889 secundum
923 1817 1096 1889 heredem⁴
1112 1819 1305 1908 scripserat,

237 1931 356 1995 morbis
382 1931 563 2011 confectus,
586 1947 617 1995 et
632 1933 672 1995 oh
688 1954 757 1997 eam
773 1955 917 1998 caussam
933 1943 1037 1995 mente
1052 1926 1197 2020 paullum
1211 1923 1304 1988 inmi-

235 2053 322 2102 nuta.
342 2038 404 2103 Cui
423 2037 571 2102 Metellus
586 2041 726 2127 petenti,
750 2063 838 2104 more
860 2062 990 2128 regum,
1014 2037 1062 2102 uti
1085 2034 1195 2100 sellam
1216 2035 1305 2116 juxta

236 2159 370 2234 poneret
391 2152 421 2225 ⁵,
445 2144 520 2210 item
544 2161 654 2234 postea
677 2147 840 2214 custodiae
864 2169 977 2211 caussa
999 2158 1138 2208 turmam
1161 2139 1305 2230 equitum

237 2251 476 2332 Romanorum,
500 2267 671 2341 utrumque
696 2268 881 2344 negaverat:
898 2253 1073 2330 honorem,
1086 2247 1172 2339 quod
1194 2268 1304 2311 eorum

236 2359 331 2423 modo
356 2358 464 2439 foret,
488 2384 568 2448 quos
591 2362 731 2449 populus
755 2363 920 2426 Romanus
944 2381 1032 2448 reges
1057 2353 1304 2447 adpellavisset:

236 2466 451 2557 praesidium,
474 2467 560 2555 quod
585 2470 851 2534 contumeliosum
873 2469 908 2533 in
933 2490 986 2533 eos
1009 2464 1109 2545 foret,
1133 2463 1160 2528 si
1183 2459 1305 2550 equites

236 2575 375 2638 Romani
408 2575 556 2640 satellites
581 2576 737 2640 Numidae
759 2577 966 2642 traderentur.
990 2575 1085 2639 Hunc
1109 2570 1232 2635 Marius
1252 2590 1306 2630 an·

236 2682 325 2745 xium
342 2682 524 2770 adgreditur
548 2698 642 2774 atque
663 2685 826 2766 hortatur,
849 2699 885 2748 ut
907 2681 1172 2749 contumeliarum
1194 2677 1228 2740 in
1248 2676 1306 2738 im-

238 2803 418 2878 peratorem
446 2814 520 2854 cum
550 2816 608 2857 suo
633 2792 751 2858 auxilio
773 2795 785 2830 ⁶
804 2816 923 2882 poenas
946 2805 1057 2881 petat:
1081 2786 1241 2852 hominem
1265 2781 1306 2844 ob

161 2937 163 2941 ,
237 2896 367 2962 morbos
383 2896 488 2961 animo
504 2920 620 2988 parum
635 2899 740 2964 valido
757 2900 896 2964 secunda
911 2899 1053 2963 oratione
1068 2891 1200 2958 extollit:
1212 2890 1305 2952 illum

237 3029 364 3090 regem,
389 3007 547 3091 ingentem
572 3010 669 3069 virum
682 3057 692 3085 ,
708 3010 897 3072 Masinissae
920 3021 1064 3090 nepotem
1087 3025 1176 3065 esse:
1198 3000 1227 3060 si
1249 3001 1306 3059 Ju-

235 3114 352 3199 gnrtha
376 3130 487 3199 captas
510 3131 566 3177 aut
590 3116 709 3177 occisus
723 3116 832 3198 soret,
848 3115 1013 3200 imperium
1037 3107 1206 3174 Numidiae
1236 3108 1305 3167 sine

236 3245 328 3285 moro
344 3221 527 3287 habiturum
541 3248 549 3285 :
565 3222 599 3285 id
614 3221 693 3285 adeo
710 3237 830 3284 mature
845 3244 936 3306 posse
953 3222 1093 3297 evenire,
1108 3219 1136 3280 si
1151 3219 1217 3302 ipse
1233 3238 1327 3277 corr--

260 3482 271 3518 ι
287 3460 626 3520 Adfavorcmhominum
636 3474 753 3538 captan-
810 3455 1306 3518 5Jzextaaaetettnmsellauteban-

238 3537 308 3595 dum
321 3553 428 3617 aptum.
791 3551 839 3594 tur
859 3540 1044 3613 imperatores
1062 3539 1090 3589 in
1104 3530 1257 3596 tribunali,
1278 3541 1307 3586 et

258 3635 273 3672 2
297 3619 462 3672 Grimiaose
474 3613 510 3668 ad
522 3607 678 3682 Metellum,
690 3635 752 3668 aaa·
792 3615 871 3684 alias,
883 3616 906 3670 si
917 3613 1032 3690 publice
1043 3608 1254 3687 praesiderent:
1268 3608 1308 3662 eis

235 3695 344 3766 gnifica
357 3691 393 3746 ad
405 3691 528 3745 Marium
539 3690 668 3747 refertur.
813 3691 914 3747 roximi
934 3703 1015 3746 crant
1034 3686 1118 3762 legati
1137 3683 1241 3757 aliique
1254 3683 1307 3740 viri

257 3767 274 3824 3
295 3766 422 3843 Aliquid,
440 3766 523 3824 sicuti
534 3778 603 3820 tunc
614 3765 681 3821 belli
694 3766 752 3821 exi·
790 3711 1017 3822 ionorarissimi:
1033 3763 1083 3818 scd
1094 3761 1117 3816 si
1129 3760 1248 3815 aderant
1260 3780 1306 3815 re-

239 3857 310 3900 tum.
790 3864 848 3918 ges,
858 3844 944 3918 primi
965 3852 1030 3918 post
1053 3840 1255 3915 imperatorem
1277 3836 1308 3891 in

256 3919 275 3989 l}
296 3921 514 3988 Suecessarem,
538 3918 561 3974 si
582 3929 639 3974 tres
650 3917 753 3994 primi,
793 3920 860 3976 sella
873 3918 1018 3975 sedebant.

238 4014 313 4068 quos
332 3994 608 4064 norninaverat,sine
631 3993 754 4054 haerede
810 3997 829 4050 6
849 3993 941 4053 ldest:
964 4013 993 4052 se
1005 3990 1046 4050 illi
1058 4011 1143 4072 opem
1152 3988 1307 4070 praestita·

240 4070 433 4132 decessissent.
793 4091 866 4127 rum.
