2888 4748
269 330 333 396 158
561 329 598 394 G.
624 328 772 393 CRISPI
799 328 1041 400 SALLUSTH

266 505 348 573 quae
363 478 599 569 imperavisset,
620 503 717 568 quam
731 481 780 545 uti
796 482 951 548 militibus
971 495 1177 572 exaequatus,
1192 505 1266 549 cum
1281 483 1338 551 im·

263 604 408 679 peratore
423 589 513 652 labos
528 589 708 653 volentibus
725 603 806 654 esset
815 592 832 652 ¹.
850 591 892 655 Et
908 613 983 656 sane
1000 589 1124 655 Marius
1142 591 1201 656 illo
1219 606 1250 656 et
1266 593 1337 657 aliis
1357 601 1359 606 '

172 756 177 763 .
263 696 460 785 temporibus
475 695 667 784 Jugurthini
681 696 775 777 belli,
799 697 922 786 pudore
945 698 1046 786 magis
1063 703 1073 724 ¹
1100 721 1196 786 quam
1212 699 1296 770 malo
1315 701 1337 780 ³,

264 805 437 868 exercitum
461 803 644 868 coercebat:
669 804 755 893 quod
770 805 862 869 multi
877 828 935 894 per
951 805 1156 876 ambitionem
1177 804 1248 870 fieri
1270 809 1333 890 aje-

265 911 360 976 bant:
384 934 478 1001 pars,
503 910 590 1000 quod
613 934 632 974 a
655 911 793 1000 pueritia
817 927 1002 977 consuetam
1025 893 1176 978 duritiam
1199 928 1230 978 et
1255 913 1336 994 alio,

266 1043 347 1108 quae
371 1019 467 1082 ceteri
491 1018 634 1083 miserias
657 1033 791 1098 vocant,
814 1020 972 1109 voluptati
995 1020 1165 1086 habuisset.
1196 1020 1265 1085 Nisi
1290 1036 1336 1085 ta-

264 1150 338 1194 men
353 1126 365 1164 ⁴
381 1125 576 1215 Respublica
598 1125 734 1214 pariter,
752 1150 788 1190 ac
804 1126 997 1193 saevissumo
1018 1127 1169 1217 imperio,
1190 1129 1269 1194 bene
1290 1143 1336 1193 at·

266 1258 328 1324 que
353 1234 466 1298 decore
490 1247 584 1320 gesta.

313 1341 398 1408 CVI.
416 1340 519 1429 Igitur
534 1355 647 1428 quarto
669 1339 807 1429 denique
831 1340 897 1421 die,
919 1341 1007 1407 haud
1029 1341 1123 1428 longe
1147 1341 1188 1405 ab
1213 1341 1333 1432 oppido

268 1450 356 1514 Cirta
371 1447 514 1536 undique
530 1447 625 1512 simul
642 1447 855 1536 speculatores
872 1448 926 1513 citi
943 1471 1010 1513 sese
1026 1448 1209 1513 ostendunt:
1220 1474 1284 1538 qua
1299 1474 1335 1516 re

265 1557 366 1624 bostis
391 1555 499 1620 adesse
522 1554 719 1642 intelligitur.
738 1554 802 1619 Sed
818 1556 894 1644 quia
909 1555 1027 1621 diversi
1041 1555 1228 1648 redeuntes,
1252 1557 1334 1622 alius

264 1666 305 1732 ab
329 1664 391 1729 alia
413 1677 522 1753 parte,
546 1676 641 1750 atque
665 1684 773 1726 omues
797 1661 882 1727 idem
898 1660 1139 1750 significabant3
1156 1664 1269 1728 consul
1284 1663 1335 1728 in·
1378 1743 1379 1746 Ἴ

264 1787 388 1851 certus,
413 1792 552 1859 quonam
574 1768 669 1832 modo
686 1768 786 1833 aciem
801 1769 989 1850 instrueret,
1011 1769 1101 1834 nullo
1119 1769 1229 1836 ordine
1245 1793 1328 1835 com·
1370 1821 1375 1826 ,

264 1892 405 1957 mutato,
429 1876 598 1943 advorsum
621 1876 727 1940 omnia
750 1890 879 1966 paratus
895 1877 924 1957 ⁵,
946 1876 1065 1941 ibidem
1082 1877 1254 1966 opperitur.
1280 1878 1331 1941 Ita

263 1984 458 2074 Jugurtham
482 2005 553 2072 spes
576 1977 752 2064 frustrata,
783 1984 838 2071 qui
862 1985 969 2072 copias
993 1984 1028 2048 in
1058 1998 1196 2072 quatuor
1227 1983 1329 2073 partis

264 2093 487 2172 distribuerat,
510 2105 597 2156 ratus
614 2114 651 2156 ex
666 2091 814 2156 omnibus
831 2113 931 2179 aeque
947 2090 1071 2180 aliquos
1088 2089 1127 2154 ab
1143 2104 1230 2179 tergo
1245 2090 1256 2124 ⁶
1272 2091 1329 2156 ho·
1387 2150 1390 2157 .

197 2264 199 2267 ,
264 2201 365 2266 stibus
388 2214 548 2291 venturos.
565 2198 697 2264 Interim
718 2197 827 2276 Sulla,
851 2219 946 2286 quem
969 2199 1110 2295 primum
1124 2197 1233 2263 hostes
1248 2198 1327 2263 adti-

262 2321 390 2397 geraut,
414 2305 597 2371 cohortatus
622 2330 715 2386 suos,
738 2305 902 2370 turmatim
926 2319 957 2369 et
972 2329 1069 2394 quam
1084 2328 1230 2369 maxume
1254 2328 1327 2370 con·

263 2416 351 2480 fertis
375 2415 484 2503 equis,
507 2413 576 2503 ipse
599 2413 717 2502 aliique
734 2413 865 2477 Mauros
888 2413 1066 2479 invadunt:
1082 2412 1178 2478 ceteri
1199 2411 1232 2476 in
1257 2412 1329 2478 loco

261 2539 442 2603 manentes,
466 2522 505 2586 ab
530 2522 644 2605 jaculis
668 2521 792 2586 eminus
809 2521 931 2587 emissis
949 2544 1083 2611 corpora
1106 2504 1229 2609 tegere,
1253 2520 1329 2584 etsi
1392 2576 1394 2582 ,

262 2633 317 2722 qui
341 2633 375 2696 in
399 2653 512 2695 manus
536 2645 705 2711 venerant,
729 2629 927 2694 obtruncare.

308 2739 412 2804 CVll.
438 2740 527 2803 Dum
551 2761 588 2803 eo
609 2739 704 2803 modo
720 2737 842 2827 equites
857 2736 1073 2827 proeliantur,
1090 2737 1237 2803 Bocchus
1254 2758 1328 2800 enm
1437 2743 1441 2748 “

259 2845 432 2937 peditibus,
448 2870 528 2935 quos
536 2847 645 2912 Volux
659 2844 746 2910 fitius
763 2848 832 2929 ejus
849 2845 1033 2925 adduxerat,
1048 2869 1151 2934 neque
1167 2844 1200 2906 in
1215 2843 1324 2931 priore

259 2978 384 3046 pugna,
408 2954 441 3017 in
465 2954 578 3018 itinere
593 2953 726 3032 morati,
742 2952 925 3033 adfuerant,
949 2967 1141 3041 postremam
1165 2950 1326 3013 Romano-

258 3086 331 3127 rum
354 3062 453 3126 aciem
477 3061 640 3127 invadunt
660 3061 743 3124 Tum
759 3058 882 3122 Marius
898 3058 984 3147 apud
998 3058 1119 3146 primos
1144 3071 1222 3137 erat,
1239 3055 1326 3144 quod

258 3171 303 3233 ibi
326 3170 488 3259 Jugurtha
512 3193 586 3235 cum
609 3167 756 3258 plurimis
780 3165 926 3230 instabat.
951 3149 1037 3228 Dein
1061 3164 1201 3229 Numida
1221 3171 1251 3246 ⁷,
1274 3187 1326 3229 eo.-

280 3451 290 3486 1
312 3431 352 3486 Ut
371 3429 504 3486 lubenter
515 3449 615 3505 parem
632 3447 698 3483 cum
718 3428 770 3483 im·
829 3424 847 3481 5
866 3426 905 3480 In⁴
921 3422 1063 3500 quadrato
1084 3425 1205 3502 agmine,
1218 3436 1250 3479 ut
1270 3441 1325 3477 un-

256 3520 390 3585 pcratore
409 3506 539 3562 laborem
557 3506 673 3562 ferrent.
807 3502 968 3576 decumque
985 3503 1125 3576 impetum
1142 3500 1232 3557 hostis
1248 3498 1322 3552 face-

276 3603 292 3639 a
314 3585 390 3639 Dum
402 3580 533 3657 exemplo
544 3580 666 3656 preibat,
685 3599 770 3655 quern
808 3591 869 3645 ret,
891 3578 1021 3652 excipere
1041 3589 1144 3653 posset.

256 3659 353 3736 pudor
373 3672 433 3716 erat
454 3658 590 3716 deserere.
826 3655 844 3710 6
864 3655 955 3708 Rarus
966 3675 1002 3710 ex
1014 3650 1199 3729 quadruplici
1216 3649 1327 3723 agmine

274 3733 637 3812 bQuampoeuisautduro
645 3730 771 3808 imperio.
813 3748 931 3785 suorum
944 3728 1066 3804 aliquoS,
1079 3727 1273 3801 [quicumque
1284 3723 1327 3781 illi

273 3811 396 3883 dCerte
408 3809 525 3887 quidem
536 3829 581 3866 res
593 3808 708 3884 publica
721 3808 771 3879 he·
811 3805 926 3862 demum
946 3805 1036 3860 futuri
1047 3807 1156 3877 essent]
1177 3801 1214 3858 ab
1243 3812 1323 3874 tergo

253 3907 291 3943 ne
311 3888 347 3943 ab
367 3887 416 3942 illo
435 3885 489 3942 hac
502 3887 610 3940 ratione
623 3897 664 3941 cst
676 3883 766 3940 admi·
803 3883 929 3941 hostium
949 3892 1093 3938 venturos.

253 3965 455 4032 nistrata,non
467 3981 548 4019 secus
568 3983 600 4017 ae
621 3961 644 4017 si
664 3960 768 4020 saevis·
828 3978 844 4034 7
864 3957 1017 4034 Jugurtha.

254 4041 326 4097 simo
344 4039 466 4116 imperio
486 4057 555 4096 usus
575 4050 657 4097 esset.
