2888 4748
236 340 279 418 ll}
523 339 560 403 C.
587 337 737 403 CRISPI
764 337 1008 406 SALLUSTII

229 491 372 559 cebant:
401 488 496 554 etiam
522 503 592 555 tum
612 489 678 555 vita
700 487 870 552 bominum
894 489 963 553 sine
989 485 1166 577 cupiditate
1188 486 1309 578 'agita-

230 600 344 678 batur‚
369 620 428 662 sna
456 598 575 686 cuique
597 597 673 662 satis
696 596 874 687 placebant
900 597 1015 662 Postea
1040 618 1116 661 vero
1146 620 1244 686 quam
1271 597 1308 662 in

231 705 312 771 Asia
336 707 486 796 Cyrus‘,
510 705 544 769 in
568 704 706 769 Graecia
736 704 983 769 Lacedaemonii
1009 718 1040 768 et
1073 688 1308 785 Athenienses,

230 838 364 905 coepere
377 815 473 880 urbes
490 828 586 902 atque
599 813 745 878 nationes
759 812 917 901 subigere,
926 811 1105 878 lubidinem
1119 811 1307 876 dominandi

230 946 378 987 caussam
400 922 478 986 belli
502 922 639 1001 habere,
663 943 845 986 maxumam
868 920 1003 1010 gloriam
1022 921 1057 984 in
1073 942 1223 985 maxumo
1248 919 1307 983 im·

230 1029 321 1119 perio
339 1044 474 1120 putare:
497 1044 567 1096 tum
586 1029 717 1094 demum
735 1029 882 1119 periculo
899 1042 994 1119 atque
1009 1027 1146 1117 negotiis
1162 1050 1305 1117 comper-

230 1151 301 1202 tum
315 1152 379 1218 est,
394 1138 428 1203 in
445 1138 529 1203 bello
546 1139 724 1229 plurimum
738 1137 905 1225 ingenium
920 1160 1022 1226 posse.
1041 1134 1177 1219 Quodsi
1194 1156 1306 1223 regum

230 1261 328 1334 atque
351 1247 580 1336 imperatorum
604 1246 703 1309 animi
727 1244 828 1311 virtus
853 1245 887 1333 in
911 1267 990 1332 pace
1009 1244 1072 1322 ita,
1097 1255 1135 1309 ut
1160 1241 1194 1306 in
1220 1241 1305 1306 bello

230 1354 367 1433 valeret,
380 1353 580 1442 aequabilius
597 1366 693 1441 atque
708 1352 907 1417 constantius
924 1374 992 1416 seso
1007 1374 1057 1414 res
1073 1349 1234 1414 humanae
1251 1349 1306 1412 ha-

229 1460 358 1525 berent:
387 1485 491 1550 neque
520 1460 608 1524 aliud
636 1459 699 1523 alio
727 1459 821 1538 ferri,
845 1483 950 1546 neque
975 1457 1092 1522 mutari
1116 1480 1153 1522 ac
1177 1455 1305 1521 misceri

230 1568 337 1632 omnia
361 1591 515 1633 cernercs.
537 1569 620 1632 Nam
639 1568 812 1657 imperium
830 1565 923 1630 facile
939 1565 979 1630 iis
996 1565 1117 1630 artibus
1133 1565 1306 1644 retinetur,

145 1728 153 1741 ,
229 1675 348 1765 quibus
371 1675 462 1740 initio
487 1690 615 1764 partum
640 1689 695 1739 cst.
720 1675 845 1741 Verum
869 1673 926 1739 ubi
949 1697 1009 1763 pro
1031 1672 1141 1737 labore
1164 1672 1305 1751 desidia,

227 1807 288 1873 pro
312 1784 506 1848 continentia
531 1798 563 1848 et
586 1783 744 1871 aequitate
775 1783 887 1850 lubido
918 1795 1014 1870 atque
1043 1781 1194 1872 superbia
1216 1781 1305 1846 inra-

229 1913 316 1968 serc;
341 1890 469 1955 fortuna
494 1890 590 1955 simul
607 1914 681 1955 cum
698 1890 841 1954 moribus
862 1890 1050 1954 inmutatur.
1065 1889 1115 1954 Ita
1132 1889 1305 1980 imperium

229 2020 355 2086 semper
367 1998 406 2061 ad
420 2013 589 2087 optumum
600 2021 760 2088 quemque
773 2022 791 2062 a
803 1999 910 2064 minus
923 1998 1008 2062 bono
1020 1996 1197 2064 trasfertur.
1211 1999 1305 2082 Quae

227 2103 395 2169 homincs³
417 2121 521 2186 arant,
544 2107 711 2195 navigant,
728 2104 913 2187 aedificant,
928 2105 1042 2171 virtuti
1057 2106 1166 2171 omnia
1179 2119 1303 2195 parent.

230 2212 295 2276 Sed
329 2215 423 2277 multi
452 2215 600 2278 mortales
628 2213 726 2277 dediti
755 2215 859 2280 ventri
887 2228 982 2301 atque
1011 2238 1149 2296 somno,
1181 2212 1304 2278 indocti

226 2319 406 2409 incultique
430 2321 527 2387 vitam
551 2322 646 2386 sicuti
666 2322 905 2411 peregrinantes
931 2319 942 2358 l
965 2322 1158 2411 transigere:
1184 2320 1304 2409 quihus

224 2427 368 2517 profecto
386 2442 497 2493 contra
512 2444 660 2494 naturam
678 2453 796 2519 corpus
812 2429 990 2520 voluptati,
1008 2429 1114 2493 anima
1128 2428 1217 2492 oneri
1231 2427 1302 2492 fuit.

225 2533 349 2599 Eorum
374 2559 432 2623 ego
456 2536 554 2602 vitam
578 2551 778 2625 mortemque
801 2540 892 2620 juxta
915 2553 1078 2617 nestumo,
1096 2536 1248 2625 quoniam
1263 2533 1303 2598 de

224 2655 361 2729 utraque
385 2642 505 2706 siletur.
530 2645 655 2710 Verum
679 2644 841 2711 enimvero
865 2644 893 2709 is
923 2645 1054 2710 demum
1085 2643 1166 2707 mihi
1198 2642 1304 2709 vivere

225 2761 322 2835 atque
350 2747 416 2813 frui
449 2751 553 2815 anima
577 2751 721 2832 videtur,
753 2752 810 2840 qui
840 2752 949 2842 aliquo
982 2753 1110 2842 negotio
1142 2753 1305 2831 intentus,

223 2856 382 2946 praeclari
405 2855 556 2921 facinoris
581 2873 637 2922 aut
660 2859 738 2923 artis
760 2860 865 2925 bonae
889 2859 1006 2928 famam
1030 2859 1165 2948 quaerit.
1189 2858 1253 2924 Sed
1268 2859 1302 2922 iu

223 2986 341 3052 magna
366 2964 460 3053 copia
483 2988 592 3029 rerum
610 2963 636 3046 ⁵,
662 2966 750 3031 aliud
773 2965 857 3031 alii⁶
879 2982 995 3034 natura
1017 2969 1080 3035 iter
1104 2967 1252 3032 ostendit.

270 3069 331 3133 Ill.
358 3071 538 3136 Pulchrum
562 3089 610 3138 est
632 3073 714 3138 hene
737 3074 842 3140 facere
867 3075 1090 3165 Reipublicae:
1110 3074 1206 3139 etiam
1221 3074 1304 3137 hene

224 3176 330 3243 dicere
354 3177 442 3245 haud
466 3181 642 3246 absurdum
666 3182 748 3248 ⁷cst.
774 3182 837 3251 Vel
861 3207 959 3272 paee,
986 3184 1038 3263 vel
1065 3182 1159 3246 bello.
1180 3180 1303 3246 clarum

148 3468 151 3481 ,
245 3437 255 3472 r
279 3417 431 3473 Poetarum
451 3438 530 3474 more
545 3419 628 3495 quasi
640 3419 675 3476 de
688 3442 740 3476 au·
779 3418 905 3474 Sallustii
926 3420 1115 3494 temporibus
1136 3441 1227 3498 paene
1247 3441 1304 3497 pro

222 3513 272 3550 reo
293 3493 407 3550 sacculo
427 3494 564 3568 loquitur.
778 3495 882 3551 sabulis
903 3495 1094 3555 habebantur.

242 3588 258 3625 2
280 3572 376 3646 Cyrus
390 3571 540 3646 Carnhysis
553 3571 740 3639 filiastriu—
797 3571 815 3626 3
829 3572 989 3646 Quidquid
1002 3572 1299 3648 aguntterraetmrri.

222 3647 263 3720 gis
281 3666 372 3721 nepos
385 3667 398 3699 a
412 3646 502 3702 Medis
519 3647 555 3701 aul
570 3649 668 3704 Persas
685 3648 738 3704 im·
796 3647 883 3718 4Qui
895 3654 952 3724 qua
962 3662 1123 3716 transeunt,
1134 3647 1247 3704 nullum
1257 3649 1302 3704 sui

221 3723 334 3794 perium
360 3722 511 3778 transtulit,
522 3723 740 3779 Lacedaemonii
777 3725 928 3800 vestigium
940 3725 1118 3799 relinquunt.

223 3808 314 3864 terra,
334 3797 521 3854 Athenienses
541 3802 631 3868 mari,
652 3801 740 3856 totius
798 3799 938 3869 5Quibus
945 3801 1121 3878 potestfama
1130 3801 1301 3876 comparari.

222 3870 361 3928 Graeciae
386 3875 582 3949 principatum
608 3876 742 3932 obtinue-
799 3877 907 3953 60pes
922 3876 1304 3955 aedivitiasexaliarcgione

223 3959 300 4003 runt.
329 3948 514 4022 Antiquiores
542 3951 678 4018 historiae
707 3951 743 4007 de
781 3953 811 4008 in
824 3952 908 4007 aliam
920 3951 954 4008 de
978 3953 1074 4010 ortari.

222 4019 315 4091 otino,
336 4023 370 4081 de
391 4024 567 4098 Sesostride·,
588 4026 623 4085 de
636 4029 743 4096 Tanai,
802 4047 818 4105 7
832 4030 890 4086 Sua
902 3974 987 4086 hurle
999 4048 1058 4087 nou
1071 4041 1170 4090 caret.-
