2888 4748
229 315 293 385 AD
319 300 539 394 Ausucum
562 311 722 380 REGEM
746 309 1038 382 PARTHORUM
1098 301 1102 308 ’
1131 337 1198 404 219

126 484 324 558 regnumque
340 467 481 535 Persidis
497 466 629 533 inclutis
648 465 770 534 divitiis
786 479 852 548 est,
876 464 955 555 quid
970 467 1011 531 ab
1025 462 1111 547 illis,
1134 465 1200 532 nisi

126 575 237 641 dolum
252 577 285 640 in
301 600 452 667 praesens
468 590 501 642 et
515 587 626 666 postea
647 574 769 640 bellum
792 575 979 665 exspectas?
1001 573 1142 639 Romani
1164 574 1200 643 in

128 683 232 749 omnis
248 706 336 749 arma
351 683 488 765 hahent,
504 705 668 749 acerruma
683 682 717 747 in
742 707 815 764 eos,
837 682 955 772 quihus
977 681 1071 750 vietis
1095 681 1200 772 spolia

128 811 277 856 maxuma
297 805 392 869 sunt3
417 791 564 856 audendo
587 804 619 856 et
641 789 800 872 fallendo,
822 804 854 857 et
876 790 960 854 bella
982 813 1019 854 ex
1043 789 1135 854 bellis
1152 812 1199 854 se·

128 897 247 978 rend0‚
263 899 371 988 magni
386 898 470 963 sacti.
488 899 552 964 Per
566 899 654 966 hune
669 920 791 964 morem
806 899 1007 988 exstinguent
1022 897 1129 961 omnia
1145 909 1202 961 aut

130 1006 296 1072 occident:
314 1005 403 1096 quod
421 1004 553 1073 difficile
573 1030 638 1073 non
658 1021 722 1089 est,
743 1008 771 1073 si
791 1021 826 1073 tu
847 1004 1078 1097 Mesopotamia
1097 1006 1122 1087 ¹,
1141 1025 1201 1069 nos

132 1113 289 1178 Armenia
337 1113 624 1202 circumgredimur
646 1116 818 1181 exereitum
841 1115 910 1180 sine
931 1112 1110 1192 frumento,
1132 1110 1203 1178 sirie

132 1221 279 1302 auxiliis,
294 1218 424 1287 fortuna
448 1234 504 1285 aut
527 1222 644 1289 nostris
660 1223 746 1291 vitiis
762 1222 867 1288 adhuc
890 1220 1069 1286 incolumis.
1093 1221 1205 1309 Teque
1268 1290 1273 1302 ‚

132 1327 189 1391 illa
205 1326 289 1392 fama
305 1343 475 1418 sequetur,
498 1329 617 1395 auxilio
640 1329 820 1421 prefectum
842 1330 973 1418 magnis,
987 1328 1136 1417 regibus,
1159 1328 1204 1392 la·

133 1446 243 1500 trones
258 1435 402 1525 gentium
417 1436 623 1526 oppressisse.
640 1438 736 1523 Quod
755 1438 803 1503 uti
819 1436 936 1517 facias,
951 1457 1066 1501 moneo
1081 1434 1204 1499 hortor-

136 1566 220 1632 que,
235 1563 298 1608 neu
315 1544 407 1608 malis
422 1544 565 1635 pernicie
581 1561 690 1613 nostra
705 1560 794 1612 tuam
808 1545 978 1636 prolatare,
994 1564 1091 1633 quam
1106 1543 1204 1608 socie·

134 1665 200 1717 tate
216 1650 318 1717 victor
333 1649 411 1718 fieri.
547 1637 557 1644 ’

156 1866 167 1901 r
191 1847 273 1904 Asiae
293 1848 372 1924 regio
397 1847 471 1906 inter
492 1849 602 1924 Tigrim
627 1863 656 1909 et
693 1870 759 1907 rum
770 1861 797 1906 et
807 1850 968 1906 Caucasum
979 1858 1090 1905 montes
1101 1848 1163 1917 sita,
1176 1859 1205 1905 et

135 1921 331 1998 Euphratem,
352 1922 438 1979 hodie
457 1926 616 1981 Diarbeclr.
694 1924 907 2001 aCappadocia
919 1925 956 1980 ad
968 1925 1107 2003 Caspium
1125 1943 1204 1982 mere

158 2015 175 2055 2
197 1998 282 2056 Asiae
301 1999 369 2056 item
389 2000 467 2076 regio
484 2001 557 2058 iuter
578 2001 656 2060 Tau·
694 2021 786 2080 usque
798 2014 939 2079 protensa.
