2888 4748
380 334 568 404 sanson
591 295 930 404 Juouarmnun
1153 335 1223 406 aar

153 486 263 556 cuncti
281 489 392 555 armati
408 489 616 578 inermesque.
628 489 723 574 Quod
738 488 795 553 ubi
809 488 981 569 accidit,eo
991 487 1219 554 acriusRoma‘
1256 563 1258 569 ,

154 600 189 663 ni
204 599 331 677 instare,
346 596 490 676 fundere,
507 621 544 662 ac
559 598 727 687 plerosque
742 596 960 662 tantummodo
976 596 1130 677 sauciare,
1145 596 1218 660 dein

157 729 253 794 super
266 705 444 770 occisorum
456 728 589 795 corpora
601 704 726 784 vadere,
735 704 820 769 avidi
832 704 951 792 gloriae
965 718 1133 769 certantes¹
1150 725 1218 766 mu-

135 846 139 857 ·
157 832 233 877 rum
248 827 376 901 petere3
400 836 503 900 neque
521 830 714 899 quemquam
729 812 872 879 omnium
887 810 1004 901 praeda
1021 809 1145 874 morari.
1166 808 1221 895 Sic

156 918 238 984 forte
255 934 396 984 correcta
412 919 508 982 Marii
523 920 702 999 temeritas,
717 920 850 1008 gloriam
864 941 902 984 ex
918 918 1013 1006 culpa
1027 917 1156 984 invenit.

205 1026 241 1090 G.
269 1027 436 1103 Ceterum,
460 1026 537 1090 dum
560 1049 597 1090 ea
616 1012 670 1092 res
701 1028 839 1115 geritur,
869 1027 906 1089 L.
933 1025 1049 1089 Sulla¹
1072 1037 1221 1113 quaestor

157 1153 233 1198 cum
256 1155 370 1220 magno
395 1133 538 1220 equitatu
570 1133 604 1197 in
636 1150 737 1198 castra
768 1132 874 1199 venit:
899 1133 974 1221 qui,
996 1132 1045 1198 uti
1069 1157 1106 1198 er
1129 1133 1223 1198 Latio

153 1255 187 1304 ct
211 1262 230 1302 a
254 1239 349 1303 sociis
373 1241 556 1306 exercitum.
573 1255 717 1327 cogeret,
744 1241 866 1304 Romae
891 1241 1021 1306 relictus
1052 1255 1126 1307 erat.
1159 1240 1224 1306 Sed

154 1346 310 1434 quoniam
334 1369 394 1410 uos
418 1345 498 1411 tanti
521 1346 585 1414 viri
608 1369 658 1414 res
674 1347 858 1425 admonuit3
874 1345 1024 1413 idoneum
1039 1349 1145 1416 visum
1160 1362 1224 1430 est,

152 1453 193 1518 de
221 1468 335 1518 natura
365 1454 518 1542 cultuque
542 1455 747 1542 ejuspaueis
772 1455 884 1520 dicere.
909 1456 1021 1545 Neque
1044 1457 1130 1522 enim
1159 1456 1223 1523 alio
1263 1514 1265 1520 ,

151 1561 226 1627 loco
251 1561 289 1625 de
315 1561 423 1626 Sullae
446 1562 543 1625 rebus
567 1560 685 1627 dicturi
709 1585 840 1628 sumus:
864 1577 895 1627 st
919 1564 956 1629 L.
983 1563 1144 1628 Sisenna³
1167 1588 1223 1654 op·

153 1683 242 1735 turne
266 1684 297 1733 et
319 1667 571 1758 diligentissume
595 1670 753 1750 omnium,
777 1670 833 1758 qui
857 1694 909 1736 eas
932 1688 983 1736 res
1006 1671 1128 1753 dixere,
1151 1694 1222 1761 per-

157 1791 298 1856 secutus,
313 1787 429 1866 parum
444 1775 524 1839 mihi
539 1776 640 1839 libero
658 1798 711 1840 ore
727 1776 994 1842 locutusvidetur.
1012 1779 1115 1866 Igitur
1132 1778 1224 1844 Sulla

154 1885 257 1972 gentis
281 1883 462 1972 patriciaet
485 1881 602 1945 nobilis
626 1882 707 1961 fuit,
730 1881 850 1947 familia
872 1907 972 1972 prope
988 1887 1052 1966 jam
1071 1885 1225 1951 exstincta

155 1993 316 2072 majorum
340 1988 491 2074 ignavia,
514 1987 627 2051 litteris
658 1987 779 2075 graecis
807 2003 901 2077 atquc
931 1989 1038 2057 latinis
1062 1994 1148 2073 juxta
1178 2007 1224 2058 at·

155 2119 220 2184 que
235 2094 429 2159 doctissums
452 2094 615 2174 eruditus,
638 2094 745 2159 animo
768 2096 908 2183 ingenti,
925 2096 1061 2186 cupidus
1076 2099 1223 2188 volupta-

155 2215 243 2281 tum,
268 2201 322 2266 sed
345 2201 464 2290 gloriae
489 2200 654 2291 cupidior:
680 2201 744 2266 otio
768 2203 931 2268 luxurioso
955 2227 1040 2282 esse;
1055 2219 1159 2270 tamen
1182 2207 1224 2272 ab

155 2309 302 2398 negotiis
313 2332 487 2398 numquam
510 2309 658 2398 voluptas
681 2324 856 2391 remorata,
879 2311 942 2375 nisi
958 2312 1045 2399 quod
1059 2312 1099 2376 de
1122 2336 1222 2380 uxore

155 2418 262 2508 potuit
285 2416 450 2481 honestius
474 2416 599 2481 consuli
615 2426 644 2478 ⁵:
668 2414 838 2496 facundus,
861 2418 1006 2497 callidus,
1030 2433 1062 2491 et
1085 2419 1224 2494 amicitia

156 2523 277 2588 facilis:
301 2524 343 2588 ad
366 2523 545 2588 simulanda
568 2522 694 2611 negotia
710 2523 843 2589 altitudo
866 2523 986 2612 ingenii
1006 2526 1222 2594 incredibilis:

155 2631 331 2695 multarum
362 2651 470 2694 rerum
499 2653 536 2695 ae
564 2652 710 2695 maxume
738 2628 893 2719 pecuniae
920 2631 1072 2720 largitor:
1105 2649 1224 2725 atque,

154 2737 352 2804 felicissumo
368 2739 512 2802 omnium
535 2752 608 2802 ante
633 2737 759 2804 civilem
782 2738 965 2820 victoriam,
981 2763 1155 2829 numquam
1170 2766 1222 2806 su-

152 2869 213 2936 per
236 2846 429 2911 industriam
444 2846 571 2910 fortuna
586 2843 668 2910 fuit⁶
685 2873 691 2909 :
708 2847 865 2934 multique
880 2846 1079 2930 dubitavere,
1094 2847 1222 2931 fortior,

154 2977 196 3018 an
219 2952 343 3018 felicior
366 2968 455 3019 esset.
485 2954 567 3018 Nam
594 2967 704 3042 postca
728 2977 809 3042 quae
832 2953 964 3037 feccrit,
986 2956 1143 3023 incertum
1166 2955 1221 3028 ha-

155 3060 234 3143 heo,
257 3062 377 3153 pudeat
399 3055 518 3153 magis,
543 3084 583 3135 an
606 3061 713 3152 pigeat
735 3061 889 3129 disserere
911 3077 929 3126 ⁷.

102 3265 104 3270 ’
176 3273 305 3333 rIdest:
328 3277 464 3337 certatim
725 3269 864 3354 illeque
891 3278 967 3334 enim
995 3295 1093 3335 omnes
1110 3275 1221 3349 nobiles

174 3369 191 3406 n
213 3353 256 3408 De
271 3355 358 3410 Lucio
376 3356 454 3411 Sulla
474 3353 597 3410 diximus
616 3374 667 3432 pa·
706 3357 818 3431 patricii
839 3367 926 3410 erant.

154 3428 221 3505 gina
237 3430 279 3496 16,
292 3443 349 3488 not.
361 3429 388 3497 5,
401 3445 428 3486 et
439 3448 502 3505 pag.
514 3449 559 3496 ao,
572 3442 628 3487 not.
641 3430 666 3488 5.
727 3430 743 3487 5
763 3432 836 3486 Nam
857 3429 977 3488 dictator
988 3430 1017 3485 in
1029 3429 1140 3486 theatro
1155 3449 1222 3485 curn

173 3503 191 3560 3
212 3506 241 3560 L.
263 3506 381 3562 Sisenna
398 3526 433 3561 ex
450 3506 595 3562 dictatoris
607 3506 671 3582 Syl·
709 3507 824 3566 Valeria
851 3506 954 3564 lascive
977 3507 1030 3563 sihi
1057 3503 1221 3561 blandiente

153 3579 199 3638 lae
217 3580 321 3637 familia
342 3581 489 3638 historiam
512 3582 671 3638 Romanam
709 3585 824 3660 nuptias
843 3583 964 3660 pepigit,
975 3581 1064 3656 quod,
1076 3601 1108 3647 ea
1120 3592 1220 3635 aucto·

154 3658 268 3734 scripsit
285 3679 301 3712 a
314 3659 403 3713 Roma
423 3671 505 3734 capta
525 3678 541 3713 a
562 3654 668 3729 Gallis,
708 3660 790 3716 ritate
810 3673 838 3715 ct
858 3659 932 3714 sarna
951 3657 1044 3714 virum
1056 3655 1217 3715 dedecebat.

155 3733 229 3798 duce
254 3735 387 3802 Brenno,
410 3754 501 3810 usque
524 3734 560 3788 ad
582 3735 668 3791 finem
725 3737 743 3792 6
764 3737 891 3790 Fortuna
918 3751 1067 3806 nunquam
1090 3731 1150 3788 suit
1178 3730 1222 3794 illi

154 3807 222 3864 helli
234 3810 323 3866 civilis
336 3811 418 3867 Marii
431 3824 459 3866 et
472 3808 574 3866 Sullae.
587 3811 666 3867 Non·
705 3815 797 3886 major
816 3808 964 3879 industria.
1015 3872 1018 3877 ν

119 3923 120 3928 =
155 3882 233 3938 nulla
252 3880 339 3959 hujus
357 3885 491 3944 historias
511 3887 553 3940 ira
574 3901 667 3943 menta
725 3887 836 3964 7Nam,
849 3898 930 3961 parta
943 3882 977 3938 ds
988 3880 1078 3938 Mario
1090 3881 1218 3948 victoria,

156 3959 339 4033 reperiuntur
360 3963 390 4016 in
412 3964 524 4043 scriptis
552 3907 669 4035 golmi,
708 3963 810 4019 urbem
830 3960 904 4018 civili
926 3957 1045 4035 replevit
1073 3958 1217 4032 sanguine.

157 4035 279 4094 Charisii
299 4048 326 4094 et
347 4037 445 4109 Servii,
705 4040 828 4102 Cinnam
863 4036 1016 4122 quinquies
1046 4034 1219 4102 consulens,
