2888 4748
180 330 242 393 232
477 324 513 389 C.
539 320 688 390 cntsrt
714 318 956 389 santusrtt

623 550 740 613 LIBER
760 552 798 612 11.

178 758 231 823 97.
256 732 300 796 Μ.
325 729 448 821 Lepido
472 746 547 795 eum
570 728 718 794 omnibus
741 725 842 816 copiis
858 723 951 791 ltalia
973 720 1088 815 pulsu,
1113 720 1265 813 segnior.

246 862 349 927 neque
373 839 479 901 minus
502 829 626 924 gravis,
649 835 704 900 sed
726 834 893 924 multiplex
920 854 998 898 cura
1023 844 1132 922 patres
1154 838 1247 898 exer·

245 945 344 1010 cebat.
369 949 450 1008 Mor.
480 947 584 1007 l'ictor
606 944 645 1007 do
669 946 729 1007 inv.
756 944 776 1005 l.
808 967 833 1006 r.

237 1066 271 1110 De
280 1066 337 1110 curis
346 1072 439 1119 matrs,
450 1065 515 1110 lulis
525 1067 587 1122 pulso
597 1063 686 1120 tepido.

179 1161 231 1247 98.
258 1157 386 1245 Quippe
406 1135 496 1222 nasta
512 1157 604 1221 Italia
619 1154 759 1244 rapinis,
774 1151 867 1243 fuga,
882 1152 1042 1220 caedibus.
1064 1155 1149 1218 Sero.
1165 1156 1246 1219 Aen.

238 1278 272 1323 De
281 1276 401 1336 manda
411 1278 476 1322 luti·
487 1286 569 1323 restat·
581 1278 645 1322 bellis
654 1277 763 1321 civilibus.

180 1395 232 1459 99.
257 1368 399 1434 Ardebat
414 1369 516 1434 omnis
526 1368 682 1458 Hispania
692 1366 838 1436 Citerior,
848 1372 932 1433 Mon
944 1368 1058 1432 Victor.
1067 1364 1123 1431 uti
1136 1389 1246 1454 supro.

238 1491 352 1536 Exottmte
363 1489 468 1535 Sertorio.

182 1600 255 1647 roo.
280 1578 493 1668 Maxumeque
516 1577 635 1644 ferocia
657 1577 742 1668 regis
757 1574 952 1643 Mithridatis
968 1577 1002 1642 in
1018 1590 1161 1669 tempore
1179 1574 1255 1640 bel*

245 1685 351 1751 laturi.
376 1690 490 1749 Donat.
514 1687 549 1749 in
574 1687 700 1749 Pborm.

236 1798 608 1881 &murmanus
619 1815 718 1853 mustos.
806 1818 811 1826 ¹

179 1886 254 1964 soi.
278 1897 396 1986 Magna
411 1898 511 1986 gloria
527 1896 675 1962 tribunus
691 1896 830 1963 militum
847 1896 921 1961 Tito
937 1893 1037 1962 Didio
1052 1895 1251 1986 imperanteg

246 2029 362 2095 magno
385 2029 447 2069 usu
471 2005 556 2069 bello
571 2005 723 2086 Marsico,
739 2018 853 2094 paratu
868 2004 1007 2069 militum
1029 2018 1060 2069 et
1082 2026 1254 2068 armorum·

247 2113 326 2178 tuit:
350 2112 513 2199 multaque
528 2123 597 2174 tum
612 2110 711 2176 ductu
728 2115 797 2194 ejus
813 2125 942 2191 curata,
958 2111 1063 2201 primo
1078 2134 1136 2199 per
1154 2111 1251 2200 igno-

216 2294 219 2301 ,
246 2219 419 2298 bilitatem‚
448 2217 563 2282 deindo
592 2241 650 2308 per
679 2217 834 2282 invidiam
862 2219 1115 2307 proscriptorum
1142 2218 1251 2283 celata

248 2340 330 2392 sunt
357 2323 511 2390 Cominus
534 2322 649 2390 faeiem
673 2347 763 2389 suam
786 2324 963 2389 ostentabat
986 2325 1109 2414 aliquot
1133 2325 1254 2392 adror-

249 2433 291 2503 sis
315 2431 517 2497 cicatricibus
540 2446 572 2496 et
599 2431 716 2497 effosso
744 2431 847 2496 oculo.
879 2433 952 2516 Quo
980 2431 1035 2497 ille
1059 2431 1250 2499 debonesta-

248 2550 355 2604 mento
380 2535 523 2624 eorporis
537 2557 684 2602 maxume
699 2523 896 2617 laetabatur3
912 2561 1015 2626 neque
1030 2539 1094 2604 illis
1118 2539 1252 2620 anxius,

249 2644 325 2734 quia
360 2642 485 2731 reliqua
513 2641 687 2732 gloriosius
714 2643 879 2712 retinebat.
910 2644 1010 2709 Aulus
1039 2645 1124 2716 Geli.
1155 2649 1253 2717 Noct.

249 2755 298 2814 At.
323 2750 344 2813 l.
372 2772 400 2812 2.

242 2869 330 2916 Sertorii
341 2871 440 2926 inventor
451 2879 474 2916 er
484 2871 590 2928 elogium.

188 2980 259 3029 toa.
285 2960 472 3051 Hispaniam
487 2961 659 3030 maturarit
673 2985 841 3054 occupare.
857 2962 1020 3028 Plutarcb.
1031 2964 1093 3027 rito
1104 2962 1253 3027 Sertorii.

245 3083 350 3129 Sertorios
360 3098 373 3128 a
384 3082 444 3128 Sulla
454 3084 597 3140 proscriptor.

189 3176 261 3248 103.
288 3177 371 3239 Cum
397 3175 557 3240 Sertorius
580 3196 684 3263 neque
706 3194 874 3264 erumpere
896 3186 962 3238 tarn
984 3173 1048 3240 leri
1068 3173 1177 3264 eopia,
1191 3194 1251 3238 na-

254 3283 347 3349 vibus
370 3280 480 3370 fugam
502 3283 689 3348 maturabat
714 3288 804 3348 Arno.
829 3287 922 3347 Mese.
947 3282 986 3347 cle
1010 3282 1088 3346 eloe.

246 3399 331 3448 anuto
341 3401 458 3448 Sertorlaur
468 3417 495 3448 ex
503 3403 608 3461 Hispanis
620 3402 698 3459 pellit.

190 3494 262 3574 rol.
288 3495 341 3560 Ad
363 3496 425 3561 hoc
446 3519 550 3584 pauca
572 3494 725 3584 piraticae
742 3493 894 3584 adjungit
909 3508 940 3558 et
955 3494 1096 3561 actuaria
1112 3468 1252 3582 navigia:
1332 3557 1339 3573 ,

253 3605 376 3670 Nonius
400 3606 500 3668 More.

247 3723 354 3770 Sertorius
364 3724 388 3769 tn
398 3735 511 3780 congresso
522 3723 596 3769 naroli
606 3730 682 3768 eontra
696 3719 793 3768 Annium
805 3723 833 3768 sd
844 3722 936 3768 insulam
946 3722 1080 3779 bithyniam.

190 3816 261 3882 105.
286 3817 398 3905 Neque
421 3819 485 3899 jam
509 3815 657 3882 sustineri
672 3830 812 3907 poterat,
834 3816 1025 3881 immensum
1047 3822 1141 3879 aucto
1166 3810 1250 3883 mari

254 3937 285 3988 et
307 3936 403 3991 vento
426 3923 580 4011 gliscenti.
606 3925 652 3987 Id.

252 4042 306 4090 Ona
317 4051 429 4106 tenpestas
441 4045 464 4090 in
475 4059 547 4106 prm
559 4047 632 4096 usui
642 4045 761 4095 &metm
771 4049 829 4094 ἰιιι
838 4052 863 4093 α
870 4041 979 4097 m
