2888 4748
228 326 271 404 46
523 325 559 389 C.
586 322 739 388 catast
762 320 1010 387 SALLUSTII

229 491 304 543 erat.
321 477 403 540 Nam
418 474 485 555 illi,
501 498 581 564 quos
599 473 739 539 Catilina
755 486 848 537 antea
864 471 1047 552 dimiserat,
1067 470 1250 540 inconsulte
1273 494 1314 543 aa

229 586 329 652 veluti
343 607 401 674 per
416 582 610 647 dementiam
626 595 743 647 cuncta
759 580 857 646 simul
873 580 1027 670 agebant:
1051 583 1220 648 nocturnis
1236 608 1312 650 con·

230 693 323 773 siliis,
339 713 501 756 armorum
517 704 613 780 atque
628 690 767 754 telorum
782 688 1232 779 portationibus,festinando,
1248 692 1313 780 agi·

230 800 327 865 tando
343 800 469 880 omnia,
488 798 562 888 plus
579 796 722 878 timoris,
744 819 842 886 quam
856 796 994 886 periculi
1010 794 1191 863 effecerant
1209 799 1258 863 Ex
1273 823 1315 865 eo

230 931 365 973 numero
381 906 556 996 compluris
579 908 617 990 Q.
629 905 780 970 Metellus
797 905 892 998 Celer
906 919 1045 995 praetor,
1062 929 1100 973 ex
1117 905 1180 970 SC.
1198 930 1314 972 caussa

230 1016 374 1105 cognita,
397 1015 431 1079 in
450 1010 581 1082 vincula
606 1017 805 1098 conjecerat3
826 1013 904 1078 item
926 1013 961 1077 in
984 1013 1132 1080 citeriore
1150 1014 1256 1079 Gallia
1274 1015 1311 1079 C.

231 1125 388 1205 Murena,
403 1123 462 1214 qui
476 1123 506 1188 ei
521 1122 706 1213 provinciae
722 1122 845 1211 legatus
861 1137 1015 1212 praeerat

231 1213 235 1219 ⁴
276 1233 403 1299 XLIV.
431 1231 473 1297 At
495 1231 618 1296 Romae
640 1231 800 1296 Lentulus
822 1252 897 1296 cum
921 1231 1055 1312 ceteris,
1076 1229 1133 1319 qui
1149 1228 1313 1320 principes

232 1339 463 1425 conjurationis
485 1354 594 1420 erant,
614 1339 757 1430 paratis,
780 1353 816 1404 ut
839 1338 1027 1420 videbatur,
1042 1339 1167 1427 magnis
1190 1338 1314 1428 copiis,

233 1449 459 1529 constituerat,
475 1449 542 1529 uti,
559 1470 634 1513 cum
658 1447 798 1511 Catilina
819 1446 853 1510 in
877 1470 989 1536 agrum
1005 1447 1223 1512 Faesulanum
1239 1469 1315 1511 cum

232 1557 371 1623 exercitu
387 1556 543 1636 venisset,
560 1555 597 1619 L.
615 1555 722 1619 Bestia
740 1553 891 1620 tribunus
906 1554 1036 1643 plebis,
1051 1554 1207 1620 concione
1222 1552 1315 1618 habi-

233 1679 282 1744 ta,
299 1680 485 1755 quereretur
501 1663 540 1728 de
556 1662 736 1728 actionibus
755 1661 940 1742 Ciceronis,
964 1662 1106 1750 bellique
1121 1661 1315 1752 gravissumi

232 1773 386 1838 invidiam
403 1787 535 1862 optumo
552 1771 677 1836 consuli
693 1771 881 1861 inponeret:
897 1794 934 1835 eo
947 1770 1063 1860 teigne,
1083 1793 1241 1860 proxuma
1257 1786 1315 1848 noa}

233 1894 283 1944 ete
306 1895 410 1945 cetera
432 1879 605 1943 multitudo
629 1878 861 1962 conjurationis
879 1862 975 1947 suum
991 1878 1130 1967 quisque
1146 1878 1314 1967 negotium

232 2002 465 2076 exsequeretur.
490 1985 555 2051 Sed
570 2010 608 2050 ea
623 1986 725 2051 divisa
739 1985 801 2051 hoc
816 1987 912 2051 modo
927 1986 1117 2053 dicebantur
1135 2014 1142 2050 ι
1166 1986 1313 2054 Statilius

233 2095 432 2160 etGabinius
448 2094 497 2158 uti
513 2117 587 2159 cum
600 2116 714 2184 magna
727 2117 826 2158 manu
838 2094 1008 2160 duodecim
1022 2095 1118 2161 simul
1131 2109 1313 2186 opportuna

232 2203 304 2268 loca
319 2202 408 2266 urbis
424 2202 651 2282 incenderent,
672 2225 736 2290 quo
753 2201 893 2266 tumultu
910 2201 1036 2267 facilior
1052 2202 1158 2269 aditus
1182 2203 1224 2268 ad
1239 2225 1314 2269 con·

233 2311 335 2376 sulem
351 2326 547 2399 ceterosque,
563 2309 681 2399 quibus
697 2308 832 2373 insidiae
847 2310 1054 2400 parabantur,
1069 2309 1178 2375 fieret:
1196 2310 1311 2375 Cethe·

232 2442 292 2507 gns
319 2418 485 2483 Ciceronis
505 2420 637 2502 januam
663 2417 822 2483 obsideret
846 2440 985 2507 eumque
1008 2418 1042 2484 vi
1064 2417 1315 2507 adgrederetur:

233 2527 317 2592 alius
339 2542 446 2591 autem
470 2525 590 2604 atium3
613 2525 668 2590 sed
683 2524 743 2589 filii
759 2525 970 2607 familiarum,
993 2549 1132 2619 quorum
1148 2549 1185 2591 es
1200 2525 1315 2591 nobili·

233 2648 297 2698 tate
313 2656 460 2698 maxuma
476 2657 549 2722 pars
566 2648 648 2714 erat,
663 2648 811 2723 parentes
827 2633 1064 2712 interficerent3
1080 2633 1194 2714 simul,
1218 2633 1316 2700 caede

234 2754 266 2804 et
281 2740 430 2804 incendio
447 2741 605 2829 perculsis
621 2741 783 2822 omnihus,
799 2741 1023 2808 adCatilinam
1039 2756 1251 2832 erumperent
1262 2739 1316 2805 In·

234 2860 283 2911 ter
300 2847 379 2911 haec
394 2862 505 2937 parata
526 2863 621 2937 atque
637 2848 781 2929 decreta,
804 2849 966 2940 Cethegus
982 2873 1107 2940 semper
1122 2849 1316 2939 querebatur

233 2956 273 3019 de
290 2957 415 3041 ignavia
433 2957 613 3034 sociorum,-
629 2956 723 3036 illoc,
745 2957 921 3022 dubitando
950 2975 982 3023 et
1005 2958 1073 3023 dies
1095 2955 1312 3044 prolatando,

234 3088 364 3148 magnas
381 3065 633 3150 opportunitates
656 3087 857 3152 corrumpere
869 3066 980 3150 ,·saeto
994 3116 1003 3145 ,
1019 3091 1083 3131 non
1106 3064 1251 3129 consulto
1275 3065 1313 3133 in

234 3171 295 3234 tali
308 3172 452 3256 periculo
470 3196 547 3258 opus
564 3196 630 3235 csse
642 3198 650 3234 :
663 3197 772 3259 seque,
789 3175 817 3237 si
830 3176 930 3259 pauci
943 3174 1145 3258 adjuvarent,
1161 3173 1314 3257 languen-

234 3277 318 3341 tibus
335 3279 574 3366 aliir,inpetum
592 3281 625 3342 in
642 3282 950 3366 curiamsacturum.
968 3281 1090 3346 Natura
1106 3280 1205 3360 ferox,
1221 3278 1315 3343 vehs-

235 3408 344 3464 mens,
368 3408 464 3450 manu
486 3402 631 3476 promtus
648 3403 715 3453 erat
735 3415 741 3451 :
765 3410 950 3453 maxumum
965 3389 1088 3452 bonum
1103 3389 1137 3451 in
1155 3386 1316 3452 eeleritate

235 3493 390 3584 putabat:

280 3601 387 3669 XLV.
415 3601 478 3665 Sed
494 3600 684 3692 Allobroges
707 3625 745 3667 ex
768 3617 942 3692 praecepto
961 3600 1128 3668 Ciceronis
1143 3625 1201 3692 per
1218 3599 1316 3666 Gabi·

235 3708 326 3773 nium
349 3724 470 3774 ceteros
493 3711 714 3776 conveniunt:
740 3710 778 3773 ab
800 3710 956 3791 Lentulo,
983 3710 1145 3799 Cethego,
1170 3708 1318 3789 Statilio,

234 3815 311 3879 item
329 3817 440 3881 Cassio
453 3817 620 3913 postulant
636 3816 880 3901 jusjurandum,
896 3818 985 3908 quod
1002 3819 1165 3906 signatum
1181 3808 1221 3880 ad
1237 3816 1318 3882 civis

234 3921 413 4010 perferant:
435 3924 526 3988 aliter
542 3924 628 3988 haud
643 3924 737 3988 facilc
753 3949 807 3990 eos
823 3925 864 3990 ad
879 3940 1005 3990 tantum
1021 3925 1187 4013 negotium
1203 3923 1320 4012 inpelli

235 4052 337 4119 posse.
357 4031 462 4095 Ceteri
480 4031 561 4094 nihil
575 4022 778 4124 'suspicantes
794 4032 891 4098 dant:
909 4032 1041 4099 Cassius
1057 4046 1157 4098 semet
1171 4055 1209 4099 eo
1224 4030 1317 4097 brevi
