2888 4748
458 333 640 399 CONTRA
666 332 876 397 LEPIDUM
1133 336 1196 403 203

133 512 191 567 eo,
206 510 270 576 quo
286 484 401 576 agitat,
424 500 528 564 statu,
551 507 648 573 quam
663 507 700 548 ex
715 507 794 573 pace
810 499 841 547 et
857 482 1027 548 concordia
1053 482 1095 548 ad
1111 506 1198 548 arma

133 596 259 663 civilia:
277 617 357 684 quae
380 593 434 656 ille
459 592 629 657 advorsum
644 590 752 657 divina
768 606 799 654 et
812 591 952 654 humana
969 589 1076 652 omnia
1092 591 1193 678 cepit,

131 726 196 767 non
211 726 270 791 pro
287 725 345 766 sua
368 715 423 764 aut
452 722 590 788 quorum
606 697 734 763 simulat
749 697 868 781 injuria
877 702 898 779 ¹,
913 695 969 762 scd
983 695 1090 784 legum
1107 720 1143 761 ac
1158 696 1196 760 li·

131 807 261 875 bertatis
278 807 522 874 subvertundae.

177 917 217 983 V.
236 915 376 1005 Angitnr
399 914 485 978 enim
514 937 552 979 ao
572 914 730 982 laceratur
749 911 848 979 animi
872 911 1023 1002 cupidine
1047 923 1079 976 et
1102 933 1198 975 noxa-

132 1045 206 1087 rum
221 1038 328 1100 mctu,
345 1045 455 1111 expers
472 1021 616 1102 consilii,
632 1020 770 1109 inquies:
786 1020 865 1084 haee
881 1034 976 1109 atque
991 1018 1046 1081 illa
1062 1032 1199 1098 tentans,

134 1131 249 1194 metuit
272 1130 393 1208 otium,
417 1126 485 1191 odit
507 1128 646 1209 bellum,
670 1129 747 1195 luxu
771 1142 866 1216 atque
880 1127 1010 1192 licentia
1025 1124 1199 1193 carendum

134 1235 240 1316 ridet,
264 1249 358 1322 atque
380 1234 507 1300 iuterim
531 1235 674 1301 abutitur
697 1250 802 1303 vestra
822 1234 972 1300 secordia.
990 1233 1101 1320 Neque
1117 1232 1199 1296 mihi

99 1399 100 1402 ,
132 1342 209 1408 satis
225 1341 368 1422 consilii,
383 1355 522 1422 metum,
538 1364 579 1406 an
595 1343 774 1430 ignaviam,
797 1365 840 1404 an
853 1322 1043 1406 dementiam
1059 1362 1128 1403 eam
1145 1339 1200 1406 ad-

96 1438 98 1442 ,
130 1450 268 1543 pellem:
284 1449 341 1538 qui
356 1449 645 1516 videminiintenta
660 1450 744 1514 mala
760 1450 852 1538 quasi
875 1448 996 1517 fulmen
1011 1450 1021 1476 ¹
1039 1461 1148 1536 optare
1164 1469 1198 1510 se

132 1559 268 1649 quisque
283 1580 323 1622 ne
339 1556 501 1645 adtingat,
526 1555 581 1621 sed
604 1556 775 1647 probibere
797 1580 838 1625 nc
858 1556 968 1626 conari
984 1553 1120 1644 quidem.
1138 1553 1199 1633 Et,
1255 1581 1257 1584 ·

131 1689 264 1755 quaeso,
273 1663 483 1744 considerate,
500 1687 597 1752 quam
609 1689 763 1731 conversa
778 1688 884 1731 rerum
901 1679 1013 1753 natura
1030 1661 1077 1727 sit.
1096 1659 1202 1729 Antea

133 1773 254 1842 malum
269 1772 455 1861 publicum,
478 1771 620 1848 occulte,
642 1771 760 1834 auxilia
775 1771 881 1859 palam
895 1768 1153 1849 instruebantur,
1170 1782 1201 1833 et

135 1903 174 1945 eo
190 1879 268 1944 boni
283 1878 384 1945 malos
403 1876 496 1943 facilc
520 1875 701 1941 anteibant:
724 1898 810 1941 nunc
825 1900 887 1965 pax
911 1891 943 1940 et
967 1875 1139 1940 concordia
1155 1875 1200 1939 di-

136 1986 322 2051 sturbantur
337 1984 454 2069 palam,
470 1981 684 2048 defenduntur
700 1983 831 2049 occulte.
850 1984 976 2065 Quibus
991 1981 1047 2045 illa
1062 1981 1203 2071 placent,

137 2093 172 2154 in
190 2090 285 2156 armis
302 2100 388 2164 sunt3
403 2111 471 2166 vos,
487 2088 521 2155 in
537 2102 631 2154 metu.
652 2088 738 2171 Quid
754 2091 955 2177 exspectatis?
969 2088 1033 2153 nisi
1048 2088 1129 2153 forte
1144 2112 1203 2176 pu-

137 2197 210 2276 det,
232 2209 287 2260 aut
317 2194 404 2283 piget
435 2207 519 2258 recte
541 2194 652 2262 facere.
677 2195 729 2259 An
754 2197 869 2285 Lepidi
892 2196 1040 2261 mandata
1056 2192 1065 2227 ³
1081 2195 1204 2259 animos

137 2306 291 2371 movent?
315 2302 371 2390 qui
394 2302 519 2390 placere
534 2303 578 2366 ait
593 2327 651 2368 sua
667 2290 784 2390 cuique
800 2303 909 2383 reddi,
933 2319 964 2368 et
980 2305 1082 2367 aliena
1097 2315 1204 2366 tenet:

137 2398 215 2476 belli
231 2413 303 2499 jura
317 2409 473 2488 rescindi,
487 2430 563 2480 cum
578 2409 646 2497 ipsc
662 2409 758 2475 armis
773 2424 884 2498 cogat:
909 2411 1069 2477 civitatem
1091 2407 1204 2475 confir·
1255 2393 1259 2399 ,

67 2581 73 2587 ,
137 2516 374 2605 mari,'quibus
390 2515 547 2580 ademtam
567 2530 680 2604 negat:
704 2516 893 2582 concordiae
915 2519 1015 2606 gratia
1031 2517 1135 2606 plebei
1151 2515 1205 2580 tri-

141 2623 306 2691 buniciam
329 2636 516 2710 potestatem
538 2623 681 2704 restitui,
697 2646 735 2686 ex
750 2647 814 2714 qua
829 2647 938 2690 omnes
962 2623 1138 2690 discordiae
1155 2632 1204 2688 a‘o-

142 2752 264 2798 censae.

186 2839 242 2905 Vl.
260 2838 411 2903 Pessume
434 2839 577 2903 omnium
593 2855 687 2929 atque
702 2838 990 2932 impudentissime,
1005 2838 1064 2911 tibi
1080 2862 1120 2904 ne
1136 2861 1206 2928 ege·

142 2960 207 3010 stas
239 2946 358 3013 civium
383 2961 414 3010 ct
444 2946 551 3012 luctus
574 2970 669 3012 curae
685 2962 777 3029 sunt,
793 2949 846 3013 cui
861 2948 943 3013 nihil
958 2963 1005 3013 est
1020 2948 1106 3013 domi
1121 2998 1129 3026 ,
1145 2946 1207 3012 nisi

145 3053 240 3117 armis
256 3069 383 3143 partum
407 3069 462 3119 aut
476 3078 534 3144 per
549 3056 720 3138 injuriam?
737 3055 882 3123 Alterum
899 3056 1100 3121 consulatum
1114 3053 1208 3142 potis,

147 3161 238 3246 quasi
262 3162 401 3248 primum
425 3162 619 3228 reddideris:
643 3163 727 3229 bello
751 3163 953 3229 concordiam
978 3161 1122 3251 quaeris,
1144 3183 1207 3247 quo

145 3279 239 3354 parta
248 3265 564 3334 disturbatur:nostri
574 3269 729 3358 proditor,
739 3270 808 3334 istis
818 3269 1056 3350 infidus,hostis
1066 3267 1210 3333 omnium

147 3371 316 3437 bonorum.
335 3375 382 3437 Ut
389 3389 419 3438 te
428 3398 531 3462 neque
548 3375 724 3456 hominum,
740 3399 844 3465 neque
859 3377 991 3442 deorum
1007 3379 1116 3466 pudet,
1131 3397 1213 3462 quos

146 3480 281 3567 perfidia
298 3495 352 3548 aut
367 3474 509 3570 perjurio
525 3482 667 3550 violasti!
686 3485 762 3567 Qui,
779 3485 905 3578 quando
921 3486 994 3550 talis
1010 3508 1062 3566 es,
1083 3505 1211 3547 mancas

149 3723 200 3779 dae
221 3725 360 3781 libertatis
384 3745 468 3785 causa
489 3728 661 3806 susceperit,
700 3728 925 3806 probiberenon
936 3741 1039 3805 posset.
1069 3769 1071 3778 »

149 3801 252 3855 urbem
264 3801 424 3878 occupabit.
719 3804 736 3860 5
757 3808 876 3880 Legatos
886 3807 999 3863 miserat
1007 3794 1214 3879 Lepidus,qui·
1300 3805 1304 3814 “

173 3895 182 3928 1
197 3876 258 3930 Aut
267 3881 381 3948 eorum,
388 3899 445 3953 pro
456 3898 581 3955 quorum
589 3882 666 3954 inju-
704 3880 760 3937 bus
770 3882 901 3939 mandata
913 3882 1028 3938 dederat
1038 3881 1074 3936 ad
1086 3891 1217 3935 senatum

152 3955 200 4006 ria
212 3971 296 4007 arma
307 3960 444 4011 sumsisse
454 3956 582 4013 simulat.
703 3957 903 4034 populumque
928 3959 1089 4013 Romanum
1111 3956 1146 4012 de
1164 3974 1216 4026 suo

172 4045 187 4081 a
210 4027 299 4096 Quasi
327 4030 436 4088 fulmen
464 4031 558 4102 soret,
588 4030 666 4107 quod
705 4033 836 4104 consilio,
848 4033 928 4111 quod
938 4034 986 4092 bic
998 4034 1159 4112 exponitur.
1191 4072 1196 4079 -
