2888 4748
240 348 306 413 138
533 339 568 403 G.
595 333 743 403 cursat
768 330 1012 403 stutusrn

235 498 343 576 nabat,
359 491 480 558 Boeahi
493 513 605 583 paeem
619 488 798 556 inminuere
812 494 834 568 ⁸3
849 511 901 571 ne,
911 511 1016 556 morae
1032 486 1304 580 agitandunliut,

233 622 331 697 quarn
345 602 484 683 bellum,
499 601 616 666 mallet.

278 709 475 777 LXXXIV.
501 709 693 797 Imperator,
713 720 884 796 postquam
899 703 939 770 de
952 728 1065 796 regum
1085 706 1235 777 societate
1250 736 1303 779 ea-

231 820 360 910 gnovit,
382 841 448 883 non
470 831 607 895 temere,
630 813 736 902 neque
758 815 808 879 nti
831 837 925 905 saepe
946 819 1012 900 jam
1034 816 1119 882 vieta
1138 817 1302 910 Jugurtha

230 940 450 1006 consueverat,
462 925 610 989 omuibus
622 923 701 988 loeis
716 923 881 1013 pugnandi
897 924 1023 1014 copiam
1037 923 1132 990 feeit:
1148 943 1304 1010 ceterum,

199 1048 204 1060 ⁴
230 1034 319 1100 haud
332 1034 446 1126 procul
462 1034 502 1098 ab
519 1033 608 1097 Cirta
624 1031 737 1098 eastris
753 1032 902 1113 munitis,
924 1054 1014 1121 reges
1037 1035 1222 1123 opperitur3
1238 1059 1303 1101 me·

230 1143 295 1210 lius
310 1166 379 1208 ease
401 1157 509 1221 ratus,
530 1141 666 1229 cognitis
690 1141 829 1220 Mauris,
850 1140 1002 1228 quoniam
1024 1140 1052 1205 ia
1076 1165 1179 1209 novus
1200 1143 1302 1208 hostie

228 1265 416 1330 accesserat,
432 1273 470 1314 ex
485 1247 652 1314 commodo
664 1250 674 1273 ²
686 1270 830 1338 pugnam
844 1247 956 1313 faeere.
975 1247 1109 1314 Interim
1126 1250 1230 1315 Roma
1245 1273 1304 1340 per

228 1359 349 1423 litteras
365 1359 481 1423 certior
495 1356 543 1436 fit,
558 1356 758 1444 provinciam
768 1355 954 1421 Numidiam
965 1357 1069 1420 Mario
1086 1356 1203 1423 datam.
1220 1358 1302 1422 Nam

225 1466 392 1532 consulem
412 1465 532 1530 factum
553 1480 626 1530 ante
648 1477 820 1553 acceperat.
847 1463 973 1548 Quibus
998 1463 1097 1529 rebus
1122 1487 1221 1553 supra
1243 1465 1299 1529 ba-

228 1595 308 1638 num
329 1587 385 1638 aut
408 1573 578 1638 honestum
593 1572 777 1661 perculsus,
797 1594 901 1660 neque
924 1570 1085 1635 lacrumas
1105 1585 1230 1649 tenere,
1247 1594 1303 1634 ne-

228 1703 292 1770 que
307 1679 465 1745 moderari
480 1681 639 1768 linguam:
659 1679 709 1745 vir
728 1680 874 1768 egregius
894 1678 928 1742 in
949 1677 1022 1742 aliia
1043 1678 1183 1758 artibus,
1204 1676 1302 1744 nimia

227 1787 366 1853 molliter
386 1787 617 1878 aegritudinem
642 1787 718 1876 pati.
745 1788 851 1871 Quam
878 1808 945 1851 rem
973 1783 1030 1855 alii
1056 1785 1090 1850 in
1115 1785 1303 1874 superbiam

227 1895 408 1960 vertebant:
425 1895 480 1958 alii
495 1895 616 1959 bonum
631 1895 797 1983 ingenium
812 1892 1007 1958 contumelia
1024 1915 1196 1958 accensum
1213 1917 1300 1957 esse:

228 2002 332 2082 multi,
348 2001 435 2091 quod
450 2005 514 2085 jam
528 2017 620 2090 parta
628 2002 762 2066 victoria
778 2024 815 2066 ex
831 2001 980 2066 manibus
996 2000 1190 2090 eriperetur:
1207 1994 1300 2065 nobis

227 2109 304 2172 eatis
320 2110 483 2197 cognitum
498 2124 557 2188 eat,
572 2109 665 2173 illum
680 2109 780 2196 magis
797 2107 920 2172 honere
935 2108 1048 2187 Marii,
1068 2130 1166 2196 quam
1181 2108 1302 2190 injuria

228 2238 286 2280 aua
302 2217 529 2296 excruciatum,
539 2240 643 2304 neque
658 2231 723 2279 tam
740 2215 831 2278 anxie
846 2215 990 2278 laturum
1005 2213 1116 2295 fuisse,
1126 2213 1153 2279 ei
1169 2214 1300 2279 ademta

227 2322 393 2412 provincia
409 2323 479 2403 atii,
495 2346 591 2411 quam
608 2322 729 2402 Mario,
745 2320 935 2386 traderetur.

275 2430 454 2496 LXXXV.
480 2431 583 2519 Igitur
607 2454 645 2494 eo
669 2430 779 2496 dolore
803 2428 985 2518 inpeditus,
1009 2442 1040 2494 et
1068 2429 1145 2519 quia
1165 2429 1301 2496 stultitia

226 2536 415 2619 videbatur,
439 2538 575 2602 alienam
598 2560 668 2602 rem
689 2536 835 2627 pericula
860 2560 919 2602 suo
947 2559 1082 2618 curare,
1110 2537 1230 2627 legatos
1260 2539 1301 2604 ad

226 2644 393 2712 Bocchum
408 2646 521 2725 mittit,
541 2644 754 2735 postulatum,
774 2669 815 2707 ne
835 2647 905 2708 siae
924 2669 1040 2709 caussa
1061 2645 1159 2709 hastis
1178 2648 1303 2733 popula

228 2755 370 2817 Romano
380 2753 496 2835 fieret:
518 2753 635 2818 habere
651 2778 724 2817 eum
740 2777 888 2839 magnam
904 2755 1031 2839 capiam
1046 2756 1208 2818 sacietatis
1223 2757 1302 2818 ami-

227 2861 386 2945 citiaeque
402 2861 653 2946 conjungendae,
666 2885 748 2946 quae
763 2864 869 2946 patiar
884 2861 969 2925 betto
986 2854 1087 2939 erset5
1102 2885 1302 2946 quamquam

227 2966 340 3054 opibus
353 2971 420 3032 suis
436 2969 626 3054 confideret,
643 2985 750 3032 tamen
767 2993 832 3032 non
855 2969 969 3032 debere
990 2972 1112 3032 incerta
1131 2993 1191 3054 pra
1206 2971 1305 3032 certis

226 3091 368 3153 mutare3
384 3100 475 3140 omne
495 3077 616 3140 bellum
635 3079 719 3138 sumi
730 3076 857 3157 facile,
876 3090 1016 3138 aeterum
1038 3098 1223 3161 aegerrume
1246 3077 1304 3140 de·

228 3185 351 3248 ninere:
366 3207 429 3247 non
450 3187 483 3247 in
500 3184 641 3270 ejusdem
658 3198 815 3268 potestate
831 3183 959 3246 initium
975 3185 1044 3266 ejus
1060 3198 1093 3247 et
1098 3183 1204 3268 finem
1219 3209 1302 3249 esre:

226 3292 369 3375 incipere
385 3294 482 3356 cuivis
497 3295 594 3356 etiam
610 3293 720 3378 ignavo
738 3291 853 3369 licere‚·
868 3290 1000 3376 deponi,
1015 3296 1087 3355 e'um
1104 3294 1235 3358 viatores
1252 3317 1300 3356 ve·

229 3397 291 3462 tint
302 3423 310 3460 ε
323 3399 458 3483 proinde
473 3399 535 3464 sibi
554 3424 712 3486 regnaque
729 3424 785 3463 suo
801 3400 995 3478 consuleret3
1010 3402 1231 3482 neustorentr'e
1247 3423 1300 3464 ree

229 3531 305 3569 auus
325 3531 397 3569 cum
417 3507 593 3592 Iugurthae
610 3507 917 3593 perditismiseeret.
939 3507 992 3573 Ad
1008 3533 1045 3573 ea
1065 3533 1120 3577 rer
1140 3511 1216 3575 satis
1231 3511 1301 3598 pla·

232 3612 302 3680 eide
324 3615 422 3683 verba
443 3615 537 3683 iacit:
552 3640 620 3681 rese
640 3641 753 3703 pacem
768 3641 902 3704 cupere,
922 3618 979 3681 aed
998 3617 1174 3706 Iugurthae
1188 3619 1300 3702 sortu-

255 3905 266 3940 1
288 3887 323 3942 In
343 3907 409 3944 eum
425 3886 521 3944 lacurn
533 3887 680 3945 Bocchum
696 3887 747 3942 ad·
806 3905 822 3944 2
842 3888 892 3945 Uti
903 3888 944 3948 illi
956 3885 1105 3948 commode
1117 3885 1213 3947 oblata
1231 3890 1304 3947 esset

231 3958 349 4030 ducere,
362 3977 394 4018 ut
406 3962 441 4019 de
451 3984 524 4038 paee
535 3965 659 4044 amplius
670 3965 747 4044 eogi-
785 3965 904 4026 occasio.

230 4049 292 4094 tare
303 4059 362 4096 non
370 4051 476 4121 posset¹
