2888 4748
270 366 334 444 nr
564 366 599 431 c.
626 365 779 432 cursat
802 349 1048 436 sannusr'u'

262 514 384 605 primos
408 535 482 578 suos
506 528 776 603 praetergressum
799 516 910 597 videt,
933 516 1092 607 praesidio
1117 516 1209 608 quasi
1233 520 1335 588 dnum

262 620 401 684 millium
425 620 570 709 peditum
593 637 734 687 montem
761 640 915 714 occupat,
945 644 1008 713 qua
1032 626 1181 691 Metellus
1205 627 1335 694 descen·

263 726 375 792 derat:
399 750 439 791 ne
464 726 569 807 forte,
594 729 779 795 cedentibus
803 731 1010 813 adversariis,
1034 733 1176 822 receptui
1202 756 1239 800 ac
1261 749 1336 824 post

262 835 462 899 munimento
478 834 560 899 foret
576 862 582 897 :
604 834 698 917 dein,
722 853 851 928 repente
868 839 959 928 signo
976 839 1065 919 dato,
1081 840 1187 907 hostes
1203 842 1334 908 invadit.

263 941 421 1006 Numidae
438 942 492 1004 alii
508 958 684 1031 postremos
700 946 849 1012 caedere:
873 968 947 1036 pars
971 970 989 1010 a
1014 948 1142 1013 sinistra
1166 970 1202 1013 ao
1226 949 1334 1015 dextra

263 1062 404 1115 tentare:
429 1048 545 1112 infensi
563 1049 672 1116 adesse
696 1068 790 1141 atque
807 1054 944 1131 instare;
960 1055 1109 1120 omnibus
1124 1055 1203 1121 locis
1219 1058 1336 1123 Roma·

263 1178 379 1219 norum
403 1156 530 1220 ordines
555 1159 766 1237 conturbare3
791 1185 929 1248 quorum
950 1163 1045 1226 ctiam
1068 1162 1126 1250 qui
1141 1162 1335 1229 firmioribus

265 1262 378 1325 animis
396 1262 481 1328 obvii
496 1263 642 1328 hostibus
658 1265 976 1346 fuerant,ludificati¹
991 1269 1114 1333 incerto
1128 1269 1334 1359 proelio,ipsi

264 1368 359 1433 modo
376 1371 501 1433 eminus
517 1373 865 1463 sauciabantur,neque
881 1391 991 1440 contra
1007 1376 1140 1441 feriendi
1157 1391 1213 1441 aut
1228 1398 1335 1442 cense-

262 1475 355 1540 reudi
372 1500 501 1541 manum
518 1480 610 1567 eopia
626 1496 700 1545 erat.
719 1481 803 1546 Ante
824 1486 888 1565 jam
911 1482 996 1548 docti
1012 1485 1051 1547 ab
1068 1486 1086 1547 J
1091 1486 1229 1573 ugurtha
1250 1483 1336 1572 equi-

264 1597 330 1662 tes,
350 1583 546 1672 ubicumque
563 1586 782 1652 Romanorum
799 1603 903 1654 turma
919 1590 1046 1679 insequi
1070 1605 1236 1679 coeperat,
1258 1612 1336 1654 non·

265 1689 434 1754 confertim
456 1715 560 1780 neque
582 1693 615 1756 in
640 1717 742 1758 unum
766 1719 833 1760 sese
856 1697 1073 1786 recipiebant,
1089 1697 1144 1762 sed
1168 1698 1249 1762 alius
1273 1696 1335 1759 alio

265 1820 363 1886 quam
376 1820 522 1863 maxume
536 1800 664 1865 divorsi.
675 1802 724 1865 lta
737 1826 869 1867 numero
884 1805 1033 1892 priores¹,
1045 1804 1074 1868 si
1087 1828 1103 1867 a
1116 1802 1337 1893 persequendo

265 1903 373 1969 hostes
390 1907 547 1971 deterrere
564 1910 783 1998 nequiverant,
792 1910 941 1993 disjectos
957 1911 997 1973 ab
1012 1925 1101 1999 tergo
1117 1925 1171 1975 aut
1185 1910 1337 1975 lateribus

266 2012 578 2080 circumveniebant:
596 2017 645 2080 sin
662 2018 874 2106 opportunior
889 2016 983 2105 fugae
999 2017 1106 2098 collis,
1122 2013 1338 2107 quam‘campi

266 2118 410 2202 fuerant,
435 2146 471 2187 ea
496 2146 570 2189 vero
592 2124 736 2189 consueti
754 2124 965 2188 Numidarum
981 2124 1057 2214 equi
1071 2123 1165 2189 facile
1180 2125 1262 2189 inter
1277 2123 1338 2190 vir-

266 2231 355 2323 gulta
371 2230 516 2308 evadere3
532 2244 656 2295 nostros
673 2232 825 2320 asperitas
842 2246 872 2294 et
888 2230 1057 2296 insolentia
1072 2230 1136 2296 loci
1151 2233 1313 2296 retinebat

313 2339 383 2403 LV.
411 2340 561 2404 Ceterum
583 2339 681 2404 facies
703 2340 800 2404 totius
822 2338 942 2427 negotii
962 2338 1069 2419 varia,
1093 2339 1231 2417 incerta,
1246 2337 1339 2401 foeda

267 2463 363 2537 atque
387 2448 597 2524 miserabilis3
621 2447 757 2536 dispersi
782 2471 800 2510 a
824 2448 910 2526 suis,
935 2469 1008 2536 pars
1033 2444 1156 2524 cedere,
1179 2444 1234 2508 alii
1257 2445 1339 2508 inse·

267 2558 325 2646 qui
344 2585 351 2620 ε
377 2580 481 2644 neque
503 2557 611 2644 signa,
626 2578 731 2643 neque
748 2554 874 2618 ordines
890 2554 1057 2618 observare
1077 2579 1084 2616 :
1107 2553 1340 2643 ubiquumque

267 2665 448 2754 periculum
464 2678 609 2752 ceperat,
632 2663 677 2726 ibi
692 2662 838 2726 resistere
861 2684 897 2727 ac
917 2661 1122 2750 propulsare:
1138 2683 1236 2739 arma,
1260 2659 1340 2741 tela,

269 2771 356 2859 equi,
372 2771 449 2849 viri,
473 2771 598 2849 hostes,
614 2770 699 2835 cives
715 2769 877 2858 permisti;
893 2769 975 2832 nihil
995 2769 1140 2849 consilio,
1156 2788 1259 2857 neque
1282 2765 1340 2829 im·

268 2878 359 2968 perio
376 2880 427 2966 agi
446 2904 452 2940 :
476 2876 541 2940 fors
565 2878 671 2940 omnia
686 2900 802 2966 regere.
820 2878 933 2965 Itaque
948 2877 1086 2941 multum
1101 2875 1165 2940 diei
1179 2896 1340 2962 proeesse·

269 3001 337 3064 rat,
353 3008 426 3049 cum
443 2984 622 3048 etiamtum
638 3000 769 3049 eventus
785 2986 818 3047 in
835 2985 955 3048 incerto
971 2998 1045 3047 erat.
1063 2981 1224 3070 Denique,
1241 2980 1345 3044 omni-

268 3095 329 3160 bus
345 3087 452 3157 labore
469 3107 500 3156 et
516 3106 604 3156 aestu
620 3091 796 3180 languidis,
821 3075 990 3167 Metellus,
1007 3088 1063 3153 uhi
1084 3088 1169 3155 videt
1185 3086 1340 3152 Numidas

270 3203 378 3266 minus
394 3201 532 3278 instare,
548 3199 715 3287 paullatim
731 3198 847 3262 milites
863 3196 896 3261 in
912 3219 1014 3260 unum
1028 3196 1197 3262 conducit:
1214 3195 1341 3260 ordines

269 3309 409 3373 restituit
424 3322 455 3372 et
470 3306 615 3372 cohortes
634 3305 825 3396 legionarias
840 3307 851 3346 ³
866 3319 1004 3394 quatuor
1027 3304 1198 3371 advorsum
1221 3302 1342 3393 pedites

295 3583 306 3618 1
330 3560 405 3629 Quia
420 3558 572 3625 Numidae,
605 3576 726 3614 rocursu
748 3555 788 3610 fa·
829 3556 1050 3633 quammaxime
1068 3552 1171 3611 diversi
1187 3551 1342 3626 fugiebant.

269 3651 317 3697 cto
326 3637 475 3710 missisque
483 3579 686 3700 telis,celeriter
695 3632 789 3689 diver·
829 3639 926 3704 Quare
944 3633 1066 3688 Romani
1079 3650 1127 3686 eos
1138 3641 1344 3706 persequentes

272 3716 353 3788 sique
377 3733 406 3768 se
426 3711 623 3786 recipiebant,
645 3728 790 3782 nusquam
829 3710 1042 3773 dividebantur,
1062 3707 1139 3762 etita
1152 3704 1245 3759 statim
1258 3703 1344 3759 aNn-

270 3791 331 3846 acie
344 3789 426 3843 firma
439 3802 466 3843 et
478 3787 572 3843 stabili
580 3798 750 3862 pugnantes,
828 3786 912 3843 midis
933 3782 1119 3841 circumventi
1139 3778 1343 3838 caedebantur.

292 3885 309 3919 a
330 3864 438 3922 Plures.
467 3863 634 3937 Jugurthini
659 3861 789 3934 equites,
848 3861 865 3918 3
888 3863 1031 3918 Dicuntur
1052 3856 1191 3912 cobortes
1208 3855 1345 3929 legiona-

273 3939 325 4014 qui
336 3960 457 3995 nurnero
469 3939 568 4014 plnres
580 3951 680 4002 erant,
698 3937 720 3990 si
733 3937 790 3990 Ro·
829 3943 906 4004 riae,
924 3950 956 3993 ut
967 3934 1180 4007 distinguantur
1200 3932 1237 3986 ab
1257 3934 1345 3986 auxi·

273 4035 425 4071 manorum
438 4028 547 4070 turmas
560 4036 575 4068 a
587 4011 789 4090 persequendo
828 4016 925 4069 liariis
937 4037 942 4048 ·
960 4012 990 4065 in
1002 4008 1163 4084 legionibus
1175 4009 1250 4064 enirn
1262 4024 1346 4062 uerno

274 4089 418 4150 deterrere
429 4111 489 4162 non
499 4102 644 4170 poterant,
654 4089 726 4150 alius
736 4087 790 4145 alio
828 4089 883 4149 nisi
895 4089 963 4152 civis
974 4087 1122 4146 Romanus
1134 4085 1270 4143 merebat.
