2888 4748
377 352 566 425 aaaron
592 355 933 426 ctrtttaatttctt
1150 363 1191 449 e,

121 504 275 597 turbatos,
286 515 380 597 atque
394 507 473 573 alios
489 505 566 572 alibi
582 506 774 589 resistentes,
783 507 944 574 interficit:
955 507 1069 573 deinde
1085 509 1196 573 utrim-

121 639 185 706 que
200 638 237 680 er
251 614 403 681 lateribus
419 629 539 681 ceteros
556 613 748 706 adgreditur.
766 617 908 682 Manlius
929 629 959 681 et
975 615 1196 696 Faesulanus,

119 723 154 787 in
169 722 281 813 primis
296 736 475 812 pugnantes
496 722 622 788 cadunt.
645 723 819 812 Postquam
842 721 929 789 fusas
953 723 1080 813 copias,
1096 745 1194 811 seque

119 852 196 897 cum
215 829 327 920 paucis
347 830 495 895 relictum
518 829 605 896 videt
626 829 785 912 Catilina,
808 853 929 895 memor
952 830 1076 919 generis
1099 844 1196 917 atque

119 934 275 1028 pristinae
291 960 368 1001 suae
383 935 564 1024 dignitatis,
585 937 619 1000 in
642 937 902 1003 confertissumos
917 936 1023 1002 hostes
1038 937 1194 1019 incurrit,

118 1044 228 1136 ibique
242 1066 389 1141 pugnans
407 1041 588 1109 confoditur
603 1048 621 1107 ¹.

164 1152 291 1220 LXIV.
319 1148 393 1231 Sed,
409 1149 553 1215 confecto
568 1152 703 1239 proelio,
722 1168 790 1218 tum
806 1175 881 1219 vero
898 1174 1058 1233 cerneres,
1075 1166 1194 1242 quanta

119 1259 255 1333 audacia
279 1272 461 1349 quantaque
485 1257 585 1324 animi
602 1259 652 1324 vis
673 1259 786 1325 fuisset
808 1260 843 1325 in
867 1260 1005 1326 exercitu
1016 1260 1190 1326 Catilinae.

119 1368 204 1432 Nam
224 1367 308 1447 fere,
331 1389 426 1455 quem
449 1367 586 1456 quisque
606 1366 699 1434 rivus
722 1366 896 1458 pugnando
919 1367 1027 1433 locum
1049 1383 1195 1458 ceperat,

120 1497 206 1556 eum,
222 1473 337 1539 amissa
353 1473 469 1556 anima,
485 1497 618 1565 corpore
633 1475 766 1566 tegebat
784 1474 885 1539 Pauci
901 1488 1017 1556 autem,
1034 1498 1113 1564 quos
1129 1497 1193 1541 me·

120 1581 190 1648 dios
206 1581 319 1647 cohors
335 1583 494 1671 praetoria
509 1582 687 1667 disjecerat,
702 1583 812 1673 paullo
828 1581 997 1665 diversius,
1011 1583 1066 1649 sed
1082 1605 1191 1649 omncs

119 1703 224 1755 tamen
241 1688 380 1756 adversis
395 1690 599 1772 vulneribus,
620 1690 832 1757 conciderant
851 1689 991 1756 Catilina
1006 1713 1081 1757 vero
1096 1692 1204 1779 longe¹

119 1821 139 1862 a
154 1797 240 1878 suis,
255 1797 337 1862 inter
351 1797 492 1862 hostium
507 1798 662 1863 cadavera
677 1812 822 1887 repertus
838 1810 903 1878 est,
925 1797 1072 1887 paullum
1096 1780 1210 1863 etiam'

121 1905 263 1995 spirans,
278 1904 492 1993 ferociamque
508 1904 626 1985 animi,
642 1927 737 1992 quam
753 1904 907 1968 habuerat
921 1905 1033 1985 vivus,
1049 1904 1082 1968 in
1098 1905 1192 1972 vultu

121 2013 269 2078 retinens.
288 2012 452 2075 Postremo
476 2035 514 2075 ex
536 2011 623 2074 omni
647 2012 758 2101 eopia,
774 2035 877 2101 neque
893 2011 926 2075 in
941 2010 1063 2101 proelio
1089 2018 1203 2099 neque

121 2118 155 2182 in
171 2117 258 2206 fuga,
274 2116 443 2208 quisquam
458 2117 537 2184 civis
553 2118 712 2208 ingenuus
728 2133 840 2210 captus
856 2133 910 2184 est
926 2119 975 2182 lta
991 2118 1099 2183 cuncti
1116 2140 1192 2183 suae
1218 2127 1224 2138 ’

121 2225 326 2314 hostiumque
341 2225 424 2291 vitae
439 2229 528 2311 juxta'
542 2241 749 2319 pepercerant
762 2228 782 2290 ⁸.
793 2228 904 2319 Neque
916 2241 1022 2291 tamen
1038 2222 1193 2290 exercitus

122 2332 236 2423 populi
260 2332 397 2398 Romani
419 2335 534 2400 laetam
561 2350 618 2401 aut
643 2335 842 2399 incruentam
872 2333 1038 2400 victoriam
1060 2330 1194 2418 adeptus

122 2440 298 2506 eratsNam
314 2441 563 2506 strenuissumus
593 2442 730 2530 quisque
754 2454 809 2504 aut
830 2439 987 2504 occiderat
1002 2440 1036 2502 in
1052 2437 1194 2528 proelio,

123 2561 179 2612 aut
194 2547 330 2634 graviter
344 2546 530 2613 vulneratus
545 2547 739 2613 discesserat.
757 2546 854 2612 Multi
870 2560 994 2627 autem,
1016 2546 1072 2634 qui
1088 2543 1126 2610 de
1142 2567 1192 2609 ca·

124 2653 211 2735 stris,
233 2652 362 2720 visundi
377 2669 432 2718 aut
453 2654 612 2744 spoliandi
634 2655 753 2743 gratia,
768 2637 1011 2745 processerant,
1031 2652 1194 2721 volventes

119 2761 248 2827 hostilia
263 2761 427 2843 cadavera,
442 2761 582 2831 amicum
598 2762 662 2844 alii,
677 2785 752 2852 pars
767 2762 925 2851 hospitem
944 2775 999 2826 aut
1020 2774 1193 2851 cognatum

121 2851 327 2962 reperiebant.
352 2870 457 2935 Fuere
479 2870 580 2951 item,
608 2870 664 2959 qui
687 2870 834 2935 inimicos
857 2893 932 2935 suos
956 2880 1194 2959 cognoscerent.

123 2976 172 3041 lta
187 2979 273 3045 varie
288 3001 346 3066 per
362 3000 489 3042 omnem
504 2978 677 3044 exercitum
691 2978 829 3058 laetitia,
845 3000 986 3056 moeror,
1000 2977 1127 3053 luctus,
1149 2987 1194 3039 at-

124 3107 186 3171 quc
202 3085 318 3174 gaudia
334 3087 542 3176 agitabantur.

146 3312 157 3347 r
182 3292 321 3349 Catilinae
331 3309 419 3370 caput
429 3297 570 3353 Antonius
581 3298 641 3353 Ro·
679 3298 824 3374 particeps
835 3296 1055 3374 conjurationis,
1064 3294 1196 3371 quamvis

123 3388 199 3424 mam
212 3368 295 3424 misit:
309 3390 368 3444 quo
379 3372 451 3440 viso,
462 3373 584 3428 Romani
596 3372 640 3429 lu·
679 3374 838 3430 aCicerone
846 3372 987 3430 defensus.
995 3371 1134 3429 Postridie
1141 3371 1196 3426 hu·

123 3459 301 3520 ctum,quem
314 3459 496 3522 sumpserant
508 3451 642 3523 conjura·
680 3452 726 3524 jus
747 3449 936 3506 damnationis
945 3453 1196 3524 ,·‚.conjuratorum

123 3522 201 3577 tione
228 3519 338 3577 detecta
367 3520 404 3576 ad
435 3523 644 3581 ostendendum
682 3524 1197 3601 fautoresmagnumconcelebraruat

123 3600 233 3673 patriae
244 3596 417 3674 periculum,
429 3611 587 3664 mutarunt:
597 3619 641 3655 sa·
681 3602 863 3670 convivium,
884 3614 911 3658 et
931 3600 967 3656 ad
986 3599 1148 3668 tumulum,
1165 3597 1198 3657 itt

124 3673 230 3730 crificia
242 3686 270 3729 et
283 3673 506 3750 supplicationes
518 3674 555 3730 ad
575 3674 642 3732 deos
680 3697 740 3807 quo
762 3677 902 3734 Catilinae
934 3686 1021 3752 caput
1048 3673 1195 3735 conditura

124 3747 292 3818 edixerunt,
310 3762 339 3807 et
350 3751 507 3807 Antonium
519 3751 642 3839 impera·
692 3766 784 3822 uerat,
793 3754 939 3809 turmatim
957 3771 986 3808 sc
1003 3747 1200 3819 contulerunt,

126 3838 219 3882 torem
229 3826 452 3886 conclamarunt.
470 3827 531 3904 Ipsi
540 3826 643 3882 mhilo·
684 3848 808 3904 eumque
821 3828 941 3884 floribus
953 3838 1135 3884 ornaverunt.

126 3902 221 3958 miuus
244 3916 342 3978 postea
369 3904 487 3961 occultis
513 3904 643 3960 Caesaris
703 3905 827 3960 alliodo
848 3903 979 3959 hostibus
997 3903 1085 3960 vitam
1104 3902 1196 3978 eripe·

127 3977 237 4036 artibus
251 3980 349 4055 pulsus
362 3980 414 4039 fuit
424 3979 588 4052 inexilium,
602 3980 643 4038 uti
682 3993 756 4053 reat,
768 4000 824 4036 non
837 3979 976 4039 carebant
988 3998 1062 4036 suae.
