<?xml version="1.0" encoding="UTF-8"?>
<!DOCTYPE html PUBLIC "-//W3C//DTD XHTML 1.0 Transitional//EN"
    "http://www.w3.org/TR/xhtml1/DTD/xhtml1-transitional.dtd">
<html xmlns="http://www.w3.org/1999/xhtml" xml:lang="en" lang="en">
 <head>
  <title>
</title>
<meta http-equiv="Content-Type" content="text/html;charset=utf-8" />
  <meta name='ocr-system' content='tesseract 3.04.00' />
  <meta name='ocr-capabilities' content='ocr_page ocr_carea ocr_par ocr_line ocrx_word'/>
</head>
<body>
  <div class='ocr_page' id='page_1' title='image "./opera00sallgoog_0054.png"; bbox 0 0 2888 4748; ppageno 0'>
   <div class='ocr_carea' id='block_1_1' title="bbox 248 329 963 407">
    <p class='ocr_par' dir='ltr' id='par_1_1' title="bbox 248 329 963 407">
     <span class='ocr_line' id='line_1_1' title="bbox 248 329 963 407; baseline -0.001 0"><span class='ocrx_word' id='word_1_1' title='bbox 248 329 273 407; x_wconf 75' lang='lat' dir='ltr'>&#39;tl</span> <span class='ocrx_word' id='word_1_2' title='bbox 594 333 629 400; x_wconf 84' lang='lat' dir='ltr'>G.</span> <span class='ocrx_word' id='word_1_3' title='bbox 655 333 692 403; x_wconf 82' lang='lat' dir='ltr'>C.</span> <span class='ocrx_word' id='word_1_4' title='bbox 719 330 963 406; x_wconf 79' lang='lat' dir='ltr'>SALLUSTIl</span> 
     </span>
    </p>
   </div>
   <div class='ocr_carea' id='block_1_2' title="bbox 242 491 1325 955">
    <p class='ocr_par' dir='ltr' id='par_1_2' title="bbox 242 491 1325 955">
     <span class='ocr_line' id='line_1_2' title="bbox 244 491 1325 584; baseline 0.005 -24"><span class='ocrx_word' id='word_1_5' title='bbox 244 497 353 576; x_wconf 74' lang='lat' dir='ltr'>viora,</span> <span class='ocrx_word' id='word_1_6' title='bbox 377 491 494 584; x_wconf 87' lang='lat' dir='ltr'>quibus</span> <span class='ocrx_word' id='word_1_7' title='bbox 505 505 612 558; x_wconf 80' lang='lat' dir='ltr'>&#39;totum</span> <span class='ocrx_word' id='word_1_8' title='bbox 626 492 770 558; x_wconf 91' lang='lat' dir='ltr'>animum</span> <span class='ocrx_word' id='word_1_9' title='bbox 786 493 964 578; x_wconf 85' lang='lat' dir='ltr'>adjecerat,</span> <span class='ocrx_word' id='word_1_10' title='bbox 981 503 1093 558; x_wconf 86' lang='lat' dir='ltr'>contra</span> <span class='ocrx_word' id='word_1_11' title='bbox 1116 494 1234 563; x_wconf 91' lang='lat' dir='ltr'>amoris</span> <span class='ocrx_word' id='word_1_12' title='bbox 1257 496 1325 568; x_wconf 80' lang='lat' dir='ltr'>rint</span> 
     </span>
     <span class='ocr_line' id='line_1_3' title="bbox 244 615 1325 708; baseline 0.004 -23"><span class='ocrx_word' id='word_1_13' title='bbox 244 620 321 686; x_wconf 87' lang='lat' dir='ltr'>satis</span> <span class='ocrx_word' id='word_1_14' title='bbox 336 617 384 682; x_wconf 92' lang='lat' dir='ltr'>illi</span> <span class='ocrx_word' id='word_1_15' title='bbox 398 617 550 708; x_wconf 88' lang='lat' dir='ltr'>praesidii</span> <span class='ocrx_word' id='word_1_16' title='bbox 565 616 708 681; x_wconf 83' lang='lat' dir='ltr'>fuerunt·</span> <span class='ocrx_word' id='word_1_17' title='bbox 726 617 848 682; x_wconf 88' lang='lat' dir='ltr'>Romae</span> <span class='ocrx_word' id='word_1_18' title='bbox 862 631 940 682; x_wconf 90' lang='lat' dir='ltr'>tunc</span> <span class='ocrx_word' id='word_1_19' title='bbox 957 616 1078 682; x_wconf 87' lang='lat' dir='ltr'>Fausta</span> <span class='ocrx_word' id='word_1_20' title='bbox 1097 615 1207 685; x_wconf 83' lang='lat' dir='ltr'>Sullae</span> <span class='ocrx_word' id='word_1_21' title='bbox 1225 621 1325 689; x_wconf 82' lang='lat' dir='ltr'>dicta·</span> 
     </span>
     <span class='ocr_line' id='line_1_4' title="bbox 243 737 1325 832; baseline 0.002 -23"><span class='ocrx_word' id='word_1_22' title='bbox 243 742 331 809; x_wconf 85' lang='lat' dir='ltr'>toris¹</span> <span class='ocrx_word' id='word_1_23' title='bbox 345 737 431 821; x_wconf 85' lang='lat' dir='ltr'>filia,</span> <span class='ocrx_word' id='word_1_24' title='bbox 449 739 581 804; x_wconf 82' lang='lat' dir='ltr'>Milonis</span> <span class='ocrx_word' id='word_1_25' title='bbox 606 761 705 820; x_wconf 84' lang='lat' dir='ltr'>uror,</span> <span class='ocrx_word' id='word_1_26' title='bbox 730 739 875 829; x_wconf 89' lang='lat' dir='ltr'>corporis</span> <span class='ocrx_word' id='word_1_27' title='bbox 898 737 1021 820; x_wconf 87' lang='lat' dir='ltr'>forma,</span> <span class='ocrx_word' id='word_1_28' title='bbox 1045 762 1238 832; x_wconf 87' lang='lat' dir='ltr'>morumque</span> <span class='ocrx_word' id='word_1_29' title='bbox 1261 746 1325 812; x_wconf 87' lang='lat' dir='ltr'>ele·</span> 
     </span>
     <span class='ocr_line' id='line_1_5' title="bbox 242 860 1322 955; baseline 0.004 -25"><span class='ocrx_word' id='word_1_30' title='bbox 242 864 352 955; x_wconf 76' lang='lat' dir='ltr'>gartia</span> <span class='ocrx_word' id='word_1_31' title='bbox 375 876 448 928; x_wconf 88' lang='lat' dir='ltr'>ante</span> <span class='ocrx_word' id='word_1_32' title='bbox 463 861 545 953; x_wconf 89' lang='lat' dir='ltr'>alias</span> <span class='ocrx_word' id='word_1_33' title='bbox 558 860 698 926; x_wconf 86' lang='lat' dir='ltr'>florebat</span> <span class='ocrx_word' id='word_1_34' title='bbox 722 862 803 947; x_wconf 88' lang='lat' dir='ltr'>Ejus</span> <span class='ocrx_word' id='word_1_35' title='bbox 818 877 986 930; x_wconf 82' lang='lat' dir='ltr'>venustate</span> <span class='ocrx_word' id='word_1_36' title='bbox 1010 877 1058 928; x_wconf 90' lang='lat' dir='ltr'>est</span> <span class='ocrx_word' id='word_1_37' title='bbox 1081 879 1195 954; x_wconf 87' lang='lat' dir='ltr'>captus</span> <span class='ocrx_word' id='word_1_38' title='bbox 1218 866 1322 935; x_wconf 86' lang='lat' dir='ltr'>Sallu·</span> 
     </span>
    </p>
   </div>
   <div class='ocr_carea' id='block_1_3' title="bbox 243 968 1377 1078">
    <p class='ocr_par' dir='ltr' id='par_1_3' title="bbox 243 968 1377 1078">
     <span class='ocr_line' id='line_1_6' title="bbox 243 968 1377 1078; baseline 0 -22"><span class='ocrx_word' id='word_1_39' title='bbox 243 989 324 1056; x_wconf 76' lang='lat' dir='ltr'>etius</span> <span class='ocrx_word' id='word_1_40' title='bbox 339 968 370 1053; x_wconf 80' lang='lat' dir='ltr'>et</span> <span class='ocrx_word' id='word_1_41' title='bbox 385 1000 529 1051; x_wconf 89' lang='lat' dir='ltr'>mutuam</span> <span class='ocrx_word' id='word_1_42' title='bbox 552 985 687 1075; x_wconf 85' lang='lat' dir='ltr'>adeptus</span> <span class='ocrx_word' id='word_1_43' title='bbox 708 985 971 1052; x_wconf 83' lang='lat' dir='ltr'>benevolentiam.</span> <span class='ocrx_word' id='word_1_44' title='bbox 992 985 1056 1052; x_wconf 86' lang='lat' dir='ltr'>Sed</span> <span class='ocrx_word' id='word_1_45' title='bbox 1080 987 1157 1052; x_wconf 91' lang='lat' dir='ltr'>olim</span> <span class='ocrx_word' id='word_1_46' title='bbox 1173 1012 1197 1078; x_wconf 82' lang='lat' dir='ltr'>a</span> <span class='ocrx_word' id='word_1_47' title='bbox 1207 992 1324 1058; x_wconf 86' lang='lat' dir='ltr'>marito</span> <span class='ocrx_word' id='word_1_48' title='bbox 1375 1012 1377 1017; x_wconf 92' lang='grc'><strong><em>·</em></strong></span> 
     </span>
    </p>
   </div>
   <div class='ocr_carea' id='block_1_4' title="bbox 236 1106 1381 3049">
    <p class='ocr_par' dir='ltr' id='par_1_4' title="bbox 236 1106 1381 3049">
     <span class='ocr_line' id='line_1_7' title="bbox 241 1106 1378 1200; baseline -0.002 -20"><span class='ocrx_word' id='word_1_49' title='bbox 241 1134 316 1179; x_wconf 89' lang='lat' dir='ltr'>cum</span> <span class='ocrx_word' id='word_1_50' title='bbox 339 1111 409 1200; x_wconf 88' lang='lat' dir='ltr'>ipsa</span> <span class='ocrx_word' id='word_1_51' title='bbox 432 1106 668 1198; x_wconf 85' lang='lat' dir='ltr'>deprehensus,</span> <span class='ocrx_word' id='word_1_52' title='bbox 683 1109 759 1173; x_wconf 83' lang='lat' dir='ltr'>loris</span> <span class='ocrx_word' id='word_1_53' title='bbox 784 1132 803 1171; x_wconf 86' lang='lat' dir='ltr'>a</span> <span class='ocrx_word' id='word_1_54' title='bbox 826 1108 926 1176; x_wconf 86' lang='lat' dir='ltr'>servis</span> <span class='ocrx_word' id='word_1_55' title='bbox 950 1109 1030 1175; x_wconf 83' lang='lat' dir='ltr'>bene</span> <span class='ocrx_word' id='word_1_56' title='bbox 1054 1135 1185 1192; x_wconf 78' lang='lat' dir='ltr'>coesus,</span> <span class='ocrx_word' id='word_1_57' title='bbox 1201 1129 1234 1177; x_wconf 86' lang='lat' dir='ltr'>et</span> <span class='ocrx_word' id='word_1_58' title='bbox 1249 1139 1323 1178; x_wconf 84' lang='lat' dir='ltr'>cum</span> <span class='ocrx_word' id='word_1_59' title='bbox 1376 1146 1378 1150; x_wconf 96' lang='lat'>·</span> 
     </span>
     <span class='ocr_line' id='line_1_8' title="bbox 241 1205 1378 1326; baseline 0.001 -26"><span class='ocrx_word' id='word_1_60' title='bbox 241 1205 379 1301; x_wconf 69' lang='lat' dir='ltr'>dedisset</span> <span class='ocrx_word' id='word_1_61' title='bbox 399 1235 588 1320; x_wconf 83' lang='lat' dir='ltr'>pecuniam,</span> <span class='ocrx_word' id='word_1_62' title='bbox 604 1231 753 1296; x_wconf 79' lang='lat' dir='ltr'>dimissus</span> <span class='ocrx_word' id='word_1_63' title='bbox 769 1249 818 1296; x_wconf 81' lang='lat' dir='ltr'>est</span> <span class='ocrx_word' id='word_1_64' title='bbox 837 1237 855 1295; x_wconf 89' lang='lat'>¹.</span> <span class='ocrx_word' id='word_1_65' title='bbox 880 1233 929 1297; x_wconf 85' lang='lat' dir='ltr'>Ex</span> <span class='ocrx_word' id='word_1_66' title='bbox 944 1233 1007 1299; x_wconf 90' lang='lat' dir='ltr'>hoc</span> <span class='ocrx_word' id='word_1_67' title='bbox 1022 1235 1111 1326; x_wconf 81' lang='lat' dir='ltr'>turpi</span> <span class='ocrx_word' id='word_1_68' title='bbox 1129 1235 1260 1324; x_wconf 87' lang='lat' dir='ltr'>quidem</span> <span class='ocrx_word' id='word_1_69' title='bbox 1276 1235 1322 1302; x_wconf 83' lang='lat' dir='ltr'>fa·</span> <span class='ocrx_word' id='word_1_70' title='bbox 1375 1249 1378 1255; x_wconf 84' lang='lat'>&#39;</span> 
     </span>
     <span class='ocr_line' id='line_1_9' title="bbox 241 1354 1321 1448; baseline 0.002 -24"><span class='ocrx_word' id='word_1_71' title='bbox 241 1372 293 1424; x_wconf 93' lang='lat' dir='ltr'>cto</span> <span class='ocrx_word' id='word_1_72' title='bbox 318 1356 517 1423; x_wconf 82' lang='lat' dir='ltr'>occasionem</span> <span class='ocrx_word' id='word_1_73' title='bbox 540 1354 626 1420; x_wconf 89' lang='lat' dir='ltr'>nacti</span> <span class='ocrx_word' id='word_1_74' title='bbox 649 1354 842 1446; x_wconf 77' lang='lat' dir='ltr'>scriptores,</span> <span class='ocrx_word' id='word_1_75' title='bbox 864 1379 940 1420; x_wconf 88' lang='lat' dir='ltr'>eum</span> <span class='ocrx_word' id='word_1_76' title='bbox 964 1356 1080 1421; x_wconf 87' lang='lat' dir='ltr'>acriter</span> <span class='ocrx_word' id='word_1_77' title='bbox 1109 1358 1321 1448; x_wconf 84' lang='lat' dir='ltr'>reprehende-</span> 
     </span>
     <span class='ocr_line' id='line_1_10' title="bbox 240 1477 1381 1571; baseline -0.002 -20"><span class='ocrx_word' id='word_1_78' title='bbox 240 1496 336 1564; x_wconf 84' lang='lat' dir='ltr'>runt,</span> <span class='ocrx_word' id='word_1_79' title='bbox 358 1481 458 1550; x_wconf 82' lang='lat' dir='ltr'>veluti</span> <span class='ocrx_word' id='word_1_80' title='bbox 475 1502 621 1559; x_wconf 85' lang='lat' dir='ltr'>severae,</span> <span class='ocrx_word' id='word_1_81' title='bbox 639 1501 736 1567; x_wconf 91' lang='lat' dir='ltr'>quam</span> <span class='ocrx_word' id='word_1_82' title='bbox 752 1479 858 1546; x_wconf 81' lang='lat' dir='ltr'>verbis</span> <span class='ocrx_word' id='word_1_83' title='bbox 874 1477 1105 1569; x_wconf 91' lang='lat' dir='ltr'>profitebatur,</span> <span class='ocrx_word' id='word_1_84' title='bbox 1129 1480 1323 1571; x_wconf 83' lang='lat' dir='ltr'>disciplinae</span> <span class='ocrx_word' id='word_1_85' title='bbox 1376 1504 1381 1512; x_wconf 70' lang='lat'><strong>⁴</strong></span> 
     </span>
     <span class='ocr_line' id='line_1_11' title="bbox 240 1598 1320 1693; baseline 0 -24"><span class='ocrx_word' id='word_1_86' title='bbox 240 1604 435 1672; x_wconf 80' lang='lat' dir='ltr'>violatorem..</span> <span class='ocrx_word' id='word_1_87' title='bbox 453 1603 525 1685; x_wconf 88' lang='lat' dir='ltr'>Qua</span> <span class='ocrx_word' id='word_1_88' title='bbox 547 1623 582 1663; x_wconf 92' lang='lat' dir='ltr'>re</span> <span class='ocrx_word' id='word_1_89' title='bbox 603 1598 775 1664; x_wconf 90' lang='lat' dir='ltr'>Sallustius</span> <span class='ocrx_word' id='word_1_90' title='bbox 793 1599 840 1664; x_wconf 89' lang='lat' dir='ltr'>ita</span> <span class='ocrx_word' id='word_1_91' title='bbox 855 1598 990 1666; x_wconf 78' lang='lat' dir='ltr'>affectus</span> <span class='ocrx_word' id='word_1_92' title='bbox 1007 1615 1071 1682; x_wconf 90' lang='lat' dir='ltr'>est,</span> <span class='ocrx_word' id='word_1_93' title='bbox 1095 1615 1132 1667; x_wconf 92' lang='lat' dir='ltr'>ut</span> <span class='ocrx_word' id='word_1_94' title='bbox 1155 1618 1320 1693; x_wconf 83' lang='lat' dir='ltr'>acceptam</span> 
     </span>
     <span class='ocr_line' id='line_1_12' title="bbox 241 1723 1379 1814; baseline 0.001 -22"><span class='ocrx_word' id='word_1_95' title='bbox 241 1750 260 1792; x_wconf 88' lang='lat' dir='ltr'>a</span> <span class='ocrx_word' id='word_1_96' title='bbox 277 1727 399 1791; x_wconf 90' lang='lat' dir='ltr'>Milone</span> <span class='ocrx_word' id='word_1_97' title='bbox 414 1725 566 1808; x_wconf 90' lang='lat' dir='ltr'>injuriam</span> <span class='ocrx_word' id='word_1_98' title='bbox 581 1723 734 1814; x_wconf 83' lang='lat' dir='ltr'>persequi</span> <span class='ocrx_word' id='word_1_99' title='bbox 750 1747 917 1813; x_wconf 90' lang='lat' dir='ltr'>nunquam</span> <span class='ocrx_word' id='word_1_100' title='bbox 933 1724 1099 1790; x_wconf 87' lang='lat' dir='ltr'>destiterit</span> <span class='ocrx_word' id='word_1_101' title='bbox 1126 1726 1211 1792; x_wconf 89' lang='lat' dir='ltr'>Hine</span> <span class='ocrx_word' id='word_1_102' title='bbox 1227 1727 1320 1810; x_wconf 87' lang='lat' dir='ltr'>illae,</span> <span class='ocrx_word' id='word_1_103' title='bbox 1377 1742 1379 1747; x_wconf 85' lang='lat'>&#39;</span> 
     </span>
     <span class='ocr_line' id='line_1_13' title="bbox 241 1847 1321 1939; baseline 0 -26"><span class='ocrx_word' id='word_1_104' title='bbox 241 1873 322 1939; x_wconf 84' lang='lat' dir='ltr'>quas</span> <span class='ocrx_word' id='word_1_105' title='bbox 337 1849 487 1938; x_wconf 87' lang='lat' dir='ltr'>deinceps</span> <span class='ocrx_word' id='word_1_106' title='bbox 502 1847 951 1938; x_wconf 84' lang='lat' dir='ltr'>referemus,perturbationes</span> <span class='ocrx_word' id='word_1_107' title='bbox 966 1871 1003 1914; x_wconf 87' lang='lat' dir='ltr'>ac</span> <span class='ocrx_word' id='word_1_108' title='bbox 1016 1850 1174 1915; x_wconf 91' lang='lat' dir='ltr'>tumultus</span> <span class='ocrx_word' id='word_1_109' title='bbox 1184 1850 1321 1915; x_wconf 84' lang='lat' dir='ltr'>excitati.</span> 
     </span>
     <span class='ocr_line' id='line_1_14' title="bbox 239 1956 1343 2062; baseline -0.001 -22"><span class='ocrx_word' id='word_1_110' title='bbox 239 1973 459 2046; x_wconf 79' lang='lat' dir='ltr'>Veruntamen</span> <span class='ocrx_word' id='word_1_111' title='bbox 473 1971 549 2036; x_wconf 89' lang='lat' dir='ltr'>licet</span> <span class='ocrx_word' id='word_1_112' title='bbox 563 1971 697 2055; x_wconf 84' lang='lat' dir='ltr'>juvenili</span> <span class='ocrx_word' id='word_1_113' title='bbox 721 1971 833 2037; x_wconf 85' lang='lat' dir='ltr'>ardore</span> <span class='ocrx_word' id='word_1_114' title='bbox 858 1972 910 2061; x_wconf 85' lang='lat' dir='ltr'>agi</span> <span class='ocrx_word' id='word_1_115' title='bbox 934 1995 968 2038; x_wconf 91' lang='lat' dir='ltr'>se</span> <span class='ocrx_word' id='word_1_116' title='bbox 992 1956 1121 2038; x_wconf 86' lang='lat' dir='ltr'>devium</span> <span class='ocrx_word' id='word_1_117' title='bbox 1144 1972 1343 2062; x_wconf 79' lang='lat' dir='ltr'>aliquando·</span> 
     </span>
     <span class='ocr_line' id='line_1_15' title="bbox 239 2093 1321 2186; baseline 0.001 -26"><span class='ocrx_word' id='word_1_118' title='bbox 239 2119 354 2186; x_wconf 89' lang='lat' dir='ltr'>passus</span> <span class='ocrx_word' id='word_1_119' title='bbox 379 2096 447 2175; x_wconf 85' lang='lat' dir='ltr'>sit,</span> <span class='ocrx_word' id='word_1_120' title='bbox 470 2117 535 2159; x_wconf 92' lang='lat' dir='ltr'>non</span> <span class='ocrx_word' id='word_1_121' title='bbox 559 2093 713 2178; x_wconf 86' lang='lat' dir='ltr'>mediocri</span> <span class='ocrx_word' id='word_1_122' title='bbox 737 2109 843 2159; x_wconf 89' lang='lat' dir='ltr'>tamen</span> <span class='ocrx_word' id='word_1_123' title='bbox 866 2095 963 2160; x_wconf 83' lang='lat' dir='ltr'>laude</span> <span class='ocrx_word' id='word_1_124' title='bbox 987 2094 1104 2184; x_wconf 80' lang='lat' dir='ltr'>dignus</span> <span class='ocrx_word' id='word_1_125' title='bbox 1127 2095 1321 2178; x_wconf 86' lang='lat' dir='ltr'>habendus,</span> 
     </span>
     <span class='ocr_line' id='line_1_16' title="bbox 240 2218 1319 2309; baseline 0.005 -27"><span class='ocrx_word' id='word_1_126' title='bbox 240 2218 385 2309; x_wconf 86' lang='lat' dir='ltr'>quod,ca</span> <span class='ocrx_word' id='word_1_127' title='bbox 400 2231 585 2309; x_wconf 87' lang='lat' dir='ltr'>tempestato</span> <span class='ocrx_word' id='word_1_128' title='bbox 596 2218 753 2283; x_wconf 81' lang='lat' dir='ltr'>Catilinae</span> <span class='ocrx_word' id='word_1_129' title='bbox 769 2233 878 2282; x_wconf 89' lang='lat' dir='ltr'>coorta</span> <span class='ocrx_word' id='word_1_130' title='bbox 894 2219 1128 2302; x_wconf 84' lang='lat' dir='ltr'>conjuratione,</span> <span class='ocrx_word' id='word_1_131' title='bbox 1137 2219 1191 2284; x_wconf 90' lang='lat' dir='ltr'>cui</span> <span class='ocrx_word' id='word_1_132' title='bbox 1200 2219 1319 2287; x_wconf 89' lang='lat' dir='ltr'>nedum</span> 
     </span>
     <span class='ocr_line' id='line_1_17' title="bbox 239 2340 1318 2433; baseline 0.002 -27"><span class='ocrx_word' id='word_1_133' title='bbox 239 2340 478 2431; x_wconf 83' lang='lat' dir='ltr'>flagitiosissimi</span> <span class='ocrx_word' id='word_1_134' title='bbox 502 2341 606 2421; x_wconf 78' lang='lat' dir='ltr'>cives,</span> <span class='ocrx_word' id='word_1_135' title='bbox 622 2341 678 2406; x_wconf 87' lang='lat' dir='ltr'>sed</span> <span class='ocrx_word' id='word_1_136' title='bbox 701 2355 749 2407; x_wconf 93' lang='lat' dir='ltr'>tot</span> <span class='ocrx_word' id='word_1_137' title='bbox 771 2355 937 2433; x_wconf 89' lang='lat' dir='ltr'>praeterea</span> <span class='ocrx_word' id='word_1_138' title='bbox 960 2342 1084 2408; x_wconf 80' lang='lat' dir='ltr'>nobiles</span> <span class='ocrx_word' id='word_1_139' title='bbox 1101 2341 1318 2408; x_wconf 88' lang='lat' dir='ltr'>adolescentes</span> 
     </span>
     <span class='ocr_line' id='line_1_18' title="bbox 238 2464 1357 2555; baseline -0.002 -23"><span class='ocrx_word' id='word_1_140' title='bbox 238 2489 347 2532; x_wconf 89' lang='lat' dir='ltr'>rerum</span> <span class='ocrx_word' id='word_1_141' title='bbox 361 2488 518 2532; x_wconf 88' lang='lat' dir='ltr'>novarum</span> <span class='ocrx_word' id='word_1_142' title='bbox 534 2464 644 2555; x_wconf 90' lang='lat' dir='ltr'>cupidi</span> <span class='ocrx_word' id='word_1_143' title='bbox 659 2487 776 2538; x_wconf 87' lang='lat' dir='ltr'>nomen</span> <span class='ocrx_word' id='word_1_144' title='bbox 794 2464 957 2546; x_wconf 88' lang='lat' dir='ltr'>dederant,</span> <span class='ocrx_word' id='word_1_145' title='bbox 965 2466 1037 2554; x_wconf 90' lang='lat' dir='ltr'>ipse</span> <span class='ocrx_word' id='word_1_146' title='bbox 1051 2488 1153 2531; x_wconf 87' lang='lat' dir='ltr'>unum</span> <span class='ocrx_word' id='word_1_147' title='bbox 1163 2479 1194 2529; x_wconf 89' lang='lat' dir='ltr'>et</span> <span class='ocrx_word' id='word_1_148' title='bbox 1202 2464 1318 2552; x_wconf 81' lang='lat' dir='ltr'>viginti</span> <span class='ocrx_word' id='word_1_149' title='bbox 1355 2494 1357 2500; x_wconf 94' lang='lat'>·</span> 
     </span>
     <span class='ocr_line' id='line_1_19' title="bbox 236 2587 1317 2679; baseline 0 -24"><span class='ocrx_word' id='word_1_150' title='bbox 236 2604 307 2655; x_wconf 91' lang='lat' dir='ltr'>tum</span> <span class='ocrx_word' id='word_1_151' title='bbox 321 2612 421 2654; x_wconf 88' lang='lat' dir='ltr'>annos</span> <span class='ocrx_word' id='word_1_152' title='bbox 437 2603 547 2669; x_wconf 89' lang='lat' dir='ltr'>natus,</span> <span class='ocrx_word' id='word_1_153' title='bbox 571 2588 747 2654; x_wconf 86' lang='lat' dir='ltr'>nobilitatis</span> <span class='ocrx_word' id='word_1_154' title='bbox 772 2610 856 2668; x_wconf 83' lang='lat' dir='ltr'>osor,</span> <span class='ocrx_word' id='word_1_155' title='bbox 873 2589 1025 2679; x_wconf 90' lang='lat' dir='ltr'>plebique</span> <span class='ocrx_word' id='word_1_156' title='bbox 1051 2603 1159 2678; x_wconf 89' lang='lat' dir='ltr'>aperte</span> <span class='ocrx_word' id='word_1_157' title='bbox 1184 2587 1317 2655; x_wconf 86' lang='lat' dir='ltr'>studens</span> 
     </span>
     <span class='ocr_line' id='line_1_20' title="bbox 239 2685 1317 2802; baseline 0.001 -26"><span class='ocrx_word' id='word_1_158' title='bbox 239 2735 273 2783; x_wconf 82' lang='lat' dir='ltr'>se</span> <span class='ocrx_word' id='word_1_159' title='bbox 288 2716 357 2797; x_wconf 88' lang='lat' dir='ltr'>ejus</span> <span class='ocrx_word' id='word_1_160' title='bbox 376 2712 502 2778; x_wconf 89' lang='lat' dir='ltr'>sceleris</span> <span class='ocrx_word' id='word_1_161' title='bbox 520 2712 669 2778; x_wconf 89' lang='lat' dir='ltr'>societate</span> <span class='ocrx_word' id='word_1_162' title='bbox 694 2735 758 2776; x_wconf 89' lang='lat' dir='ltr'>non</span> <span class='ocrx_word' id='word_1_163' title='bbox 783 2712 1003 2802; x_wconf 82' lang='lat' dir='ltr'>implicaverit.</span> <span class='ocrx_word' id='word_1_164' title='bbox 1028 2713 1049 2776; x_wconf 93' lang='lat' dir='ltr'>J</span> <span class='ocrx_word' id='word_1_165' title='bbox 1053 2735 1104 2786; x_wconf 82' lang='lat' dir='ltr'>am</span> <span class='ocrx_word' id='word_1_166' title='bbox 1122 2685 1192 2777; x_wconf 85' lang='lat' dir='ltr'>tum</span> <span class='ocrx_word' id='word_1_167' title='bbox 1208 2712 1317 2778; x_wconf 89' lang='lat' dir='ltr'>studio</span> 
     </span>
     <span class='ocr_line' id='line_1_21' title="bbox 238 2834 1316 2925; baseline -0.001 -25"><span class='ocrx_word' id='word_1_168' title='bbox 238 2834 384 2925; x_wconf 87' lang='lat' dir='ltr'>politices</span> <span class='ocrx_word' id='word_1_169' title='bbox 407 2834 551 2900; x_wconf 89' lang='lat' dir='ltr'>addictus</span> <span class='ocrx_word' id='word_1_170' title='bbox 568 2836 607 2900; x_wconf 92' lang='lat' dir='ltr'>de</span> <span class='ocrx_word' id='word_1_171' title='bbox 624 2836 720 2900; x_wconf 85' lang='lat' dir='ltr'>rebus</span> <span class='ocrx_word' id='word_1_172' title='bbox 749 2850 780 2900; x_wconf 89' lang='lat' dir='ltr'>et</span> <span class='ocrx_word' id='word_1_173' title='bbox 805 2837 940 2924; x_wconf 81' lang='lat' dir='ltr'>negotiis</span> <span class='ocrx_word' id='word_1_174' title='bbox 965 2836 1105 2925; x_wconf 87' lang='lat' dir='ltr'>publicis</span> <span class='ocrx_word' id='word_1_175' title='bbox 1125 2851 1209 2900; x_wconf 88' lang='lat' dir='ltr'>recte</span> <span class='ocrx_word' id='word_1_176' title='bbox 1231 2835 1316 2921; x_wconf 83' lang='lat' dir='ltr'>judi·</span> 
     </span>
     <span class='ocr_line' id='line_1_22' title="bbox 240 2958 1318 3049; baseline -0.001 -24"><span class='ocrx_word' id='word_1_177' title='bbox 240 2982 314 3025; x_wconf 88' lang='lat' dir='ltr'>care</span> <span class='ocrx_word' id='word_1_178' title='bbox 330 2958 503 3037; x_wconf 79' lang='lat' dir='ltr'>didicerat3</span> <span class='ocrx_word' id='word_1_179' title='bbox 519 2982 623 3049; x_wconf 86' lang='lat' dir='ltr'>noque</span> <span class='ocrx_word' id='word_1_180' title='bbox 639 2960 814 3024; x_wconf 80' lang='lat' dir='ltr'>enimcum</span> <span class='ocrx_word' id='word_1_181' title='bbox 836 2958 955 3024; x_wconf 91' lang='lat' dir='ltr'>latebat</span> <span class='ocrx_word' id='word_1_182' title='bbox 979 2974 1059 3047; x_wconf 91' lang='lat' dir='ltr'>quot</span> <span class='ocrx_word' id='word_1_183' title='bbox 1083 2959 1318 3024; x_wconf 83' lang='lat' dir='ltr'>calamitatibus</span> 
     </span>
    </p>
   </div>
   <div class='ocr_carea' id='block_1_5' title="bbox 238 3078 1316 3172">
    <p class='ocr_par' dir='ltr' id='par_1_5' title="bbox 238 3078 1316 3172">
     <span class='ocr_line' id='line_1_23' title="bbox 238 3078 1316 3172; baseline -0.002 -24"><span class='ocrx_word' id='word_1_184' title='bbox 238 3082 395 3148; x_wconf 85' lang='lat' dir='ltr'>violentae</span> <span class='ocrx_word' id='word_1_185' title='bbox 409 3082 569 3172; x_wconf 85' lang='lat' dir='ltr'>quaelibet</span> <span class='ocrx_word' id='word_1_186' title='bbox 583 3106 691 3150; x_wconf 89' lang='lat' dir='ltr'>rerum</span> <span class='ocrx_word' id='word_1_187' title='bbox 707 3082 900 3148; x_wconf 86' lang='lat' dir='ltr'>mutationes</span> <span class='ocrx_word' id='word_1_188' title='bbox 924 3104 993 3146; x_wconf 89' lang='lat' dir='ltr'>esse</span> <span class='ocrx_word' id='word_1_189' title='bbox 1009 3083 1134 3147; x_wconf 86' lang='lat' dir='ltr'>soleant</span> <span class='ocrx_word' id='word_1_190' title='bbox 1150 3078 1316 3147; x_wconf 87' lang='lat' dir='ltr'>obnoxiae.</span> 
     </span>
    </p>
   </div>
   <div class='ocr_carea' id='block_1_6' title="bbox 238 3201 1317 3296">
    <p class='ocr_par' dir='ltr' id='par_1_6' title="bbox 238 3201 1317 3296">
     <span class='ocr_line' id='line_1_24' title="bbox 238 3201 1317 3296; baseline -0.001 -25"><span class='ocrx_word' id='word_1_191' title='bbox 238 3205 304 3271; x_wconf 81' lang='lat' dir='ltr'>Vix</span> <span class='ocrx_word' id='word_1_192' title='bbox 334 3219 467 3269; x_wconf 83' lang='lat' dir='ltr'>aetatem</span> <span class='ocrx_word' id='word_1_193' title='bbox 490 3205 667 3270; x_wconf 92' lang='lat' dir='ltr'>honoribus</span> <span class='ocrx_word' id='word_1_194' title='bbox 690 3204 836 3296; x_wconf 90' lang='lat' dir='ltr'>petendis</span> <span class='ocrx_word' id='word_1_195' title='bbox 867 3204 1016 3272; x_wconf 88' lang='lat' dir='ltr'>idoneam</span> <span class='ocrx_word' id='word_1_196' title='bbox 1041 3206 1208 3295; x_wconf 83' lang='lat' dir='ltr'>attigerat,</span> <span class='ocrx_word' id='word_1_197' title='bbox 1241 3201 1317 3270; x_wconf 87' lang='lat' dir='ltr'>cum</span> 
     </span>
    </p>
   </div>
   <div class='ocr_carea' id='block_1_7' title="bbox 237 3326 1317 3786">
    <p class='ocr_par' dir='ltr' id='par_1_7' title="bbox 237 3326 1317 3786">
     <span class='ocr_line' id='line_1_25' title="bbox 239 3326 1317 3416; baseline 0.003 -26"><span class='ocrx_word' id='word_1_198' title='bbox 239 3341 388 3416; x_wconf 87' lang='lat' dir='ltr'>quaestor</span> <span class='ocrx_word' id='word_1_199' title='bbox 404 3329 522 3393; x_wconf 89' lang='lat' dir='ltr'>electus</span> <span class='ocrx_word' id='word_1_200' title='bbox 540 3328 607 3393; x_wconf 83' lang='lat' dir='ltr'>luit</span> <span class='ocrx_word' id='word_1_201' title='bbox 619 3328 715 3393; x_wconf 76' lang='lat' dir='ltr'>Anno</span> <span class='ocrx_word' id='word_1_202' title='bbox 729 3342 849 3407; x_wconf 85' lang='lat' dir='ltr'>exacto,</span> <span class='ocrx_word' id='word_1_203' title='bbox 859 3350 923 3416; x_wconf 91' lang='lat' dir='ltr'>quo</span> <span class='ocrx_word' id='word_1_204' title='bbox 939 3326 1021 3391; x_wconf 90' lang='lat' dir='ltr'>nihil</span> <span class='ocrx_word' id='word_1_205' title='bbox 1031 3328 1070 3392; x_wconf 89' lang='lat' dir='ltr'>ab</span> <span class='ocrx_word' id='word_1_206' title='bbox 1086 3352 1123 3392; x_wconf 90' lang='lat' dir='ltr'>eo</span> <span class='ocrx_word' id='word_1_207' title='bbox 1139 3343 1317 3394; x_wconf 87' lang='lat' dir='ltr'>memoratu</span> 
     </span>
     <span class='ocr_line' id='line_1_26' title="bbox 238 3429 1317 3546; baseline 0.002 -32"><span class='ocrx_word' id='word_1_208' title='bbox 238 3450 371 3539; x_wconf 81' lang='lat' dir='ltr'>dignum</span> <span class='ocrx_word' id='word_1_209' title='bbox 394 3449 513 3515; x_wconf 83' lang='lat' dir='ltr'>factum</span> <span class='ocrx_word' id='word_1_210' title='bbox 528 3451 626 3516; x_wconf 84' lang='lat' dir='ltr'>luisse</span> <span class='ocrx_word' id='word_1_211' title='bbox 637 3429 806 3546; x_wconf 85' lang='lat' dir='ltr'>¹proditum</span> <span class='ocrx_word' id='word_1_212' title='bbox 823 3464 889 3529; x_wconf 87' lang='lat' dir='ltr'>est,</span> <span class='ocrx_word' id='word_1_213' title='bbox 914 3449 979 3517; x_wconf 84' lang='lat' dir='ltr'>sive</span> <span class='ocrx_word' id='word_1_214' title='bbox 998 3464 1034 3515; x_wconf 92' lang='lat' dir='ltr'>ut</span> <span class='ocrx_word' id='word_1_215' title='bbox 1052 3475 1085 3521; x_wconf 89' lang='lat' dir='ltr'>se</span> <span class='ocrx_word' id='word_1_216' title='bbox 1102 3451 1203 3540; x_wconf 89' lang='lat' dir='ltr'>quieti</span> <span class='ocrx_word' id='word_1_217' title='bbox 1227 3451 1317 3516; x_wconf 88' lang='lat' dir='ltr'>daret</span> 
     </span>
     <span class='ocr_line' id='line_1_27' title="bbox 239 3568 1316 3663; baseline 0.001 -25"><span class='ocrx_word' id='word_1_218' title='bbox 239 3598 295 3638; x_wconf 91' lang='lat' dir='ltr'>seu</span> <span class='ocrx_word' id='word_1_219' title='bbox 312 3575 419 3640; x_wconf 76' lang='lat' dir='ltr'>terius</span> <span class='ocrx_word' id='word_1_220' title='bbox 436 3575 469 3638; x_wconf 88' lang='lat' dir='ltr'>in</span> <span class='ocrx_word' id='word_1_221' title='bbox 486 3574 621 3637; x_wconf 89' lang='lat' dir='ltr'>aliorum</span> <span class='ocrx_word' id='word_1_222' title='bbox 643 3569 813 3648; x_wconf 81' lang='lat' dir='ltr'>munerum</span> <span class='ocrx_word' id='word_1_223' title='bbox 836 3568 991 3663; x_wconf 85' lang='lat' dir='ltr'>petitione</span> <span class='ocrx_word' id='word_1_224' title='bbox 1014 3574 1151 3663; x_wconf 90' lang='lat' dir='ltr'>repulsis</span> <span class='ocrx_word' id='word_1_225' title='bbox 1176 3574 1316 3663; x_wconf 86' lang='lat' dir='ltr'>acceptis</span> 
     </span>
     <span class='ocr_line' id='line_1_28' title="bbox 237 3692 1317 3786; baseline 0.002 -26"><span class='ocrx_word' id='word_1_226' title='bbox 237 3697 400 3778; x_wconf 80' lang='lat' dir='ltr'>offensus,</span> <span class='ocrx_word' id='word_1_227' title='bbox 418 3698 458 3762; x_wconf 89' lang='lat' dir='ltr'>ad</span> <span class='ocrx_word' id='word_1_228' title='bbox 473 3697 622 3761; x_wconf 87' lang='lat' dir='ltr'>historias</span> <span class='ocrx_word' id='word_1_229' title='bbox 640 3695 886 3773; x_wconf 82' lang='lat' dir='ltr'>conscribendas</span> <span class='ocrx_word' id='word_1_230' title='bbox 904 3692 1007 3762; x_wconf 88' lang='lat' dir='ltr'>totum</span> <span class='ocrx_word' id='word_1_231' title='bbox 1021 3721 1054 3763; x_wconf 91' lang='lat' dir='ltr'>se</span> <span class='ocrx_word' id='word_1_232' title='bbox 1071 3697 1243 3778; x_wconf 81' lang='lat' dir='ltr'>convertit,</span> <span class='ocrx_word' id='word_1_233' title='bbox 1260 3721 1317 3786; x_wconf 93' lang='lat' dir='ltr'>po·</span> 
     </span>
    </p>
   </div>
   <div class='ocr_carea' id='block_1_8' title="bbox 238 3819 1314 3911">
    <p class='ocr_par' dir='ltr' id='par_1_8' title="bbox 238 3819 1314 3911">
     <span class='ocr_line' id='line_1_29' title="bbox 238 3819 1314 3911; baseline 0.002 -27"><span class='ocrx_word' id='word_1_234' title='bbox 238 3821 372 3910; x_wconf 89' lang='lat' dir='ltr'>pulique</span> <span class='ocrx_word' id='word_1_235' title='bbox 389 3819 527 3889; x_wconf 88' lang='lat' dir='ltr'>Romani</span> <span class='ocrx_word' id='word_1_236' title='bbox 542 3842 591 3884; x_wconf 90' lang='lat' dir='ltr'>res</span> <span class='ocrx_word' id='word_1_237' title='bbox 609 3833 711 3907; x_wconf 83' lang='lat' dir='ltr'>gestas</span> <span class='ocrx_word' id='word_1_238' title='bbox 727 3819 879 3884; x_wconf 88' lang='lat' dir='ltr'>memoria</span> <span class='ocrx_word' id='word_1_239' title='bbox 901 3821 1061 3911; x_wconf 77' lang='lat' dir='ltr'>digniores</span> <span class='ocrx_word' id='word_1_240' title='bbox 1080 3822 1205 3911; x_wconf 78' lang='lat' dir='ltr'>delegit.</span> <span class='ocrx_word' id='word_1_241' title='bbox 1226 3821 1314 3886; x_wconf 84' lang='lat' dir='ltr'>Usus</span> 
     </span>
    </p>
   </div>
   <div class='ocr_carea' id='block_1_9' title="bbox 263 4052 856 4147">
    <p class='ocr_par' dir='ltr' id='par_1_9' title="bbox 263 4052 856 4147">
     <span class='ocr_line' id='line_1_30' title="bbox 263 4052 856 4147; baseline 0.01 -41"><span class='ocrx_word' id='word_1_242' title='bbox 263 4072 273 4118; x_wconf 73' lang='lat' dir='ltr'>u</span> <span class='ocrx_word' id='word_1_243' title='bbox 296 4052 364 4115; x_wconf 88' lang='lat' dir='ltr'>Var.</span> <span class='ocrx_word' id='word_1_244' title='bbox 387 4053 465 4132; x_wconf 85' lang='lat' dir='ltr'>apud</span> <span class='ocrx_word' id='word_1_245' title='bbox 486 4054 613 4113; x_wconf 87' lang='lat' dir='ltr'>Gellium</span> <span class='ocrx_word' id='word_1_246' title='bbox 629 4055 677 4117; x_wconf 84' lang='lat' dir='ltr'>lib.</span> <span class='ocrx_word' id='word_1_247' title='bbox 704 4075 744 4147; x_wconf 66' lang='lat'>¹7·</span> <span class='ocrx_word' id='word_1_248' title='bbox 767 4076 790 4114; x_wconf 87' lang='lat' dir='ltr'>c.</span> <span class='ocrx_word' id='word_1_249' title='bbox 817 4061 856 4127; x_wconf 64' lang='grc' dir='ltr'>ι’8,</span> 
     </span>
    </p>
   </div>
   <div class='ocr_carea' id='block_1_10' title="bbox 0 0 1448 4748">
    <p class='ocr_par' dir='ltr' id='par_1_10' title="bbox 0 0 1448 4748">
     <span class='ocr_line' id='line_1_31' title="bbox 0 0 1448 4748; baseline 0 2"><span class='ocrx_word' id='word_1_250' title='bbox 0 0 1448 4748; x_wconf 95' lang='lat' dir='ltr'> </span> 
     </span>
    </p>
   </div>
  </div>
 </body>
</html>
