2888 4748
261 351 329 404 ,aoa
564 320 737 391 ORATIO
762 321 799 387 L.
824 320 1023 387 PHILIPPI

261 479 302 543 ab
325 500 363 542 eo
386 477 552 566 peperere?
568 475 637 540 lmo
659 473 801 564 despecti
823 487 854 538 et
868 471 991 561 indigni
1007 470 1187 561 Republica
1203 472 1327 555 habiti,

258 585 376 676 predae
391 584 462 649 loco
479 596 715 661 aestumantur,
739 578 859 672 quippe
883 595 968 644 metu
992 603 1104 670 pacem
1126 595 1330 671 repetentes,-

260 717 324 783 quo
340 691 480 755 habitam
496 690 674 754 amiserant.
685 689 845 777 Equidem
861 712 879 752 a
894 687 1065 777 principio,
1075 711 1149 751 cum
1160 689 1328 755 Etruriam

258 802 437 883 conjurare,
452 796 647 886 proscriptos
665 795 824 875 accersiri,
839 795 1061 883 largitionibus
1077 796 1328 885 Rempublicam

257 904 391 972 lacerari
407 905 573 984 videbam,
589 902 815 968 maturandum
833 902 986 992 putabam
1010 916 1041 966 et
1065 903 1173 968 Catuli
1189 904 1327 970 consilia

256 1036 332 1082 cum
347 1012 460 1103 paucis
477 1025 605 1077 secutus
623 1034 702 1075 sum.
764 1079 767 1083 ,

303 1120 364 1184 Ill.
383 1120 553 1184 Caeterum
569 1118 638 1199 illi,
653 1117 710 1207 qui
725 1117 828 1207 gentis
845 1115 1001 1182 Aemiliae
1016 1117 1181 1182 benefacta
1198 1119 1325 1184 extolle·

255 1229 353 1307 bant,
374 1241 406 1290 et
420 1227 613 1313 ignoscendo
628 1225 742 1315 populi
758 1225 896 1290 Romani
912 1226 1162 1313 magnitudinem
1177 1226 1324 1306 auxisse,

256 1355 417 1422 nusquam
440 1333 626 1397 etiamtum
652 1324 812 1421 Lepidum
835 1355 1036 1421 progressum
1057 1332 1227 1410 videbant3
1247 1356 1325 1398 cum

255 1443 381 1533 privata
397 1462 484 1504 arma
499 1445 507 1467 ¹
524 1439 757 1528 opprimundae
772 1440 926 1503 libertatis
942 1441 1092 1528 cepisset,
1108 1440 1169 1504 sibi
1184 1441 1326 1530 quisquc

256 1571 334 1638 opes
350 1562 406 1613 aut
420 1546 598 1637 patrocinia
614 1546 815 1634 quaerendo,
838 1546 1007 1610 consilium
1029 1547 1197 1636 publicum
1212 1571 1325 1614 corru-
1376 1570 1379 1576 ’

254 1671 379 1747 perurit.
397 1655 442 1720 At
457 1669 526 1720 tum
540 1665 608 1718 erat
623 1652 766 1742 Lepidus
780 1653 862 1718 latro
878 1677 952 1719 eum
968 1654 1133 1721 calonibus
1154 1669 1186 1721 et
1208 1656 1329 1744 paucis

192 1793 196 1800 s
253 1763 400 1841 sicariis3
416 1783 553 1851 quorum
573 1783 667 1826 nemo
689 1785 754 1826 non
777 1761 893 1827 diurna
906 1763 1051 1828 mercede
1065 1763 1163 1829 vitam
1179 1777 1325 1834 mutave-

256 1871 319 1938 rit:
336 1894 424 1935 nunc
439 1884 486 1935 est
500 1870 674 1959 proconsul
691 1893 766 1935 cum
787 1870 922 1959 imperio
944 1894 1009 1935 non
1029 1886 1153 1960 empto,
1179 1870 1233 1938 sed
1248 1871 1326 1959 dato

254 2002 276 2044 a
290 1978 397 2058 vobis,
414 2001 488 2042 cum
503 1977 615 2066 legatis
630 1976 736 2041 adbuc
751 1980 821 2061 jure
835 1979 1019 2066 parentibus
1033 2004 1041 2056 ;
1056 1992 1087 2042 et
1103 1977 1143 2043 ad
1159 1999 1232 2043 eum
1247 2000 1326 2042 eon-

254 2108 385 2151 currerc
400 2084 545 2149 homines
562 2084 706 2149 omnium
722 2084 870 2148 ordinum
887 2086 1140 2174 corruptissumi,
1154 2084 1325 2174 flagrantes

253 2192 368 2282 inopia
384 2206 415 2255 et
430 2190 652 2280 cupidinibus,
675 2190 830 2255 scelerum
853 2192 1047 2259 conscicntia
1070 2193 1235 2281 exagitati:
1253 2194 1326 2282 qui·
1357 2217 1360 2221 ’

257 2301 320 2366 bus
337 2299 427 2388 quies
443 2299 477 2362 in
494 2297 702 2362 seditionibus
723 2297 756 2360 in
775 2320 854 2386 pace
869 2298 980 2362 turbae
996 2315 1082 2364 sunt:
1098 2300 1131 2363 hi
1147 2298 1325 2366 tumultum

255 2430 295 2472 ex
309 2408 469 2487 tumultu,
490 2405 612 2471 bellum
635 2429 673 2470 ex
695 2404 779 2470 bello
803 2420 931 2484 serunt3
958 2405 1123 2472 Saturnini
1138 2408 1235 2488 olim,
1249 2425 1326 2498 post

256 2514 415 2605 Sulpicii,
430 2514 503 2579 dein
520 2512 628 2592 Marii,
640 2513 910 2603 Damasippique,
925 2536 1012 2579 nunc
1028 2515 1142 2604 Lepidi
1159 2517 1322 2582 satellites.

303 2624 361 2690 lV.
379 2623 546 2687 Praeterea
562 2620 710 2699 Etruria,
735 2634 830 2708 atque
846 2643 956 2687 omnes
971 2621 1124 2710 reliquiae
1139 2623 1216 2688 belli
1230 2624 1322 2690 edre*

256 2743 346 2796 ctae:
363 2728 536 2817 Hispaniae
549 2728 646 2792 armis
663 2727 856 2792 solicitatae:
879 2727 1081 2794 Mithridates
1102 2730 1136 2794 in
1154 2730 1253 2796 latere
1269 2754 1321 2798 ve·

257 2835 423 2924 ctigalium
438 2850 630 2916 nostrorum,
647 2835 763 2924 quibus
780 2834 884 2900 adhuc
899 2851 1124 2918 sustentamur,
1132 2837 1217 2906 diem
1232 2839 1319 2903 bello

253 2942 474 3033 circumspicit
486 2968 492 3005 :
502 2943 607 3030 quin,
621 2956 746 3034 praeter
760 2941 912 3011 idoneum
927 2944 1060 3024 ducem,
1075 2945 1157 3015 nihil
1173 2945 1261 3010 abest
1281 2947 1325 3011 ad

257 3050 506 3119 subvertendum
520 3051 698 3141 imperium.
718 3047 814 3135 Quod
829 3074 887 3140 ego
903 3075 960 3118 vos
984 3075 1040 3116 oro
1063 3066 1159 3141 atque
1176 3054 1326 3135 obsecro,

227 3159 229 3161 ’
259 3159 295 3221 Ρ.
315 3159 363 3240 0.,
378 3173 415 3223 ut
430 3159 698 3247 animadvortatis,
714 3180 777 3226 neu
796 3159 962 3249 patiamini
976 3158 1139 3228 licentiam
1154 3161 1325 3243 scelerum,

259 3267 351 3353 quasi
367 3267 497 3347 rabiem,
508 3267 548 3332 ad
563 3266 701 3355 integros
717 3281 866 3332 contactu
880 3266 1058 3356 procedere.
1075 3268 1169 3350 Nam,
1184 3268 1241 3335 ubi
1256 3290 1322 3332 ma·

258 3371 308 3436 los
322 3374 462 3461 praemia
486 3389 681 3462 sequuntur,
703 3373 791 3439 haud
813 3373 906 3437 facile
928 3375 1099 3463 quisquam
1114 3376 1252 3465 gratuito
1267 3375 1326 3440 bo·

259 3503 320 3545 nus
337 3494 391 3545 est
409 3479 461 3544 An
477 3481 674 3569 exspectatis,
689 3481 777 3562 dum,
791 3482 929 3547 exercitu
945 3495 1056 3549 rursus
1071 3483 1220 3562 admoto,
1239 3481 1325 3549 ferro

259 3602 355 3676 atquc
371 3587 497 3656 flamma
518 3588 630 3652 urbem
653 3588 804 3658 invadat?
820 3587 916 3674 Quod
930 3590 1031 3657 multo
1046 3589 1178 3687 propius
1195 3595 1264 3652 est²
1283 3591 1325 3655 ab

279 3801 294 3837 s
310 3785 436 3840 Privata
447 3798 630 3855 armavocat‚
643 3788 774 3862 quaeLe-
832 3805 849 3842 2
870 3787 945 3842 Cum
956 3798 1014 3843 tarn
1024 3782 1104 3846 facilc
1115 3781 1224 3840 bellum
1242 3784 1326 3840 civile

262 3858 351 3936 pidus
361 3861 474 3936 privato
494 3861 620 3930 consilio,
640 3862 720 3918 nullo
732 3883 774 3920 se·
814 3863 969 3938 susceperit
989 3859 1130 3936 Lepidus,
1158 3880 1224 3915 cum
1249 3881 1324 3936 pau-

262 3947 349 3992 natus
361 3935 490 3995 consulto
503 3951 552 3997 aut
561 3937 664 4018 populi
681 3942 772 4020 jussu,
811 3938 851 3995 cis
871 3936 1017 3994 calonibus
1036 3948 1063 3991 et
1081 3935 1195 4004 sicariis3
1213 3935 1324 3991 facilius

260 4023 383 4092 ceperat.
615 4031 622 4045 ‘'
810 4034 900 4085 uuae,
911 4032 977 4072 cum
991 4012 1146 4074 exercitum
1157 4012 1323 4093 opprimen-
