<?xml version="1.0" encoding="UTF-8"?>
<!DOCTYPE html PUBLIC "-//W3C//DTD XHTML 1.0 Transitional//EN"
    "http://www.w3.org/TR/xhtml1/DTD/xhtml1-transitional.dtd">
<html xmlns="http://www.w3.org/1999/xhtml" xml:lang="en" lang="en">
 <head>
  <title>
</title>
<meta http-equiv="Content-Type" content="text/html;charset=utf-8" />
  <meta name='ocr-system' content='tesseract 3.04.00' />
  <meta name='ocr-capabilities' content='ocr_page ocr_carea ocr_par ocr_line ocrx_word'/>
</head>
<body>
  <div class='ocr_page' id='page_1' title='image "./opera00sallgoog_0028.png"; bbox 0 0 2888 4748; ppageno 0'>
   <div class='ocr_carea' id='block_1_1' title="bbox 185 337 1334 549">
    <p class='ocr_par' dir='ltr' id='par_1_1' title="bbox 185 337 1334 549">
     <span class='ocr_line' id='line_1_1' title="bbox 253 337 281 390; baseline -0.071 1"><span class='ocrx_word' id='word_1_1' title='bbox 253 337 281 390; x_wconf 87' lang='lat' dir='ltr'>x</span> 
     </span>
     <span class='ocr_line' id='line_1_2' title="bbox 185 423 1334 549; baseline -0.034 -19"><span class='ocrx_word' id='word_1_2' title='bbox 185 530 190 543; x_wconf 79' lang='grc'><em>,</em></span> <span class='ocrx_word' id='word_1_3' title='bbox 301 440 379 524; x_wconf 79' lang='lat' dir='ltr'><strong>Tot</strong></span> <span class='ocrx_word' id='word_1_4' title='bbox 402 442 509 518; x_wconf 85' lang='lat' dir='ltr'><strong>inter</strong></span> <span class='ocrx_word' id='word_1_5' title='bbox 535 423 754 536; x_wconf 79' lang='lat' dir='ltr'><strong>faeminas,</strong></span> <span class='ocrx_word' id='word_1_6' title='bbox 787 463 889 549; x_wconf 75' lang='lat' dir='ltr'><strong>quae</strong></span> <span class='ocrx_word' id='word_1_7' title='bbox 914 439 1107 526; x_wconf 59' lang='lat' dir='ltr'><strong>Catilinae</strong></span> <span class='ocrx_word' id='word_1_8' title='bbox 1135 470 1177 528; x_wconf 61' lang='lat' dir='ltr'><strong>,e</strong></span> <span class='ocrx_word' id='word_1_9' title='bbox 1207 451 1334 538; x_wconf 53' lang='lat' dir='ltr'>socias</span> 
     </span>
    </p>
   </div>
   <div class='ocr_carea' id='block_1_2' title="bbox 181 594 1337 3218">
    <p class='ocr_par' dir='ltr' id='par_1_2' title="bbox 249 594 1336 703">
     <span class='ocr_line' id='line_1_3' title="bbox 249 594 1336 703; baseline 0.01 -27"><span class='ocrx_word' id='word_1_10' title='bbox 249 595 538 700; x_wconf 85' lang='lat' dir='ltr'><strong>adjunxerant,</strong></span> <span class='ocrx_word' id='word_1_11' title='bbox 574 594 848 703; x_wconf 85' lang='lat' dir='ltr'><strong>Semproniam</strong></span> <span class='ocrx_word' id='word_1_12' title='bbox 883 621 894 658; x_wconf 83' lang='lat'>¹</span> <span class='ocrx_word' id='word_1_13' title='bbox 928 613 1065 680; x_wconf 86' lang='lat' dir='ltr'><strong>auctor</strong></span> <span class='ocrx_word' id='word_1_14' title='bbox 1096 625 1336 688; x_wconf 87' lang='lat' dir='ltr'><strong>commemo·</strong></span> 
     </span>
    </p>

    <p class='ocr_par' dir='ltr' id='par_1_3' title="bbox 181 745 1337 1303">
     <span class='ocr_line' id='line_1_4' title="bbox 245 745 1336 855; baseline 0.008 -29"><span class='ocrx_word' id='word_1_15' title='bbox 245 763 337 842; x_wconf 87' lang='lat' dir='ltr'><strong>rat,</strong></span> <span class='ocrx_word' id='word_1_16' title='bbox 375 745 581 826; x_wconf 89' lang='lat' dir='ltr'><strong>scelestam</strong></span> <span class='ocrx_word' id='word_1_17' title='bbox 610 762 650 824; x_wconf 90' lang='lat' dir='ltr'><strong>et</strong></span> <span class='ocrx_word' id='word_1_18' title='bbox 679 747 951 855; x_wconf 86' lang='lat' dir='ltr'><strong>impudicam,</strong></span> <span class='ocrx_word' id='word_1_19' title='bbox 981 749 1053 831; x_wconf 87' lang='lat' dir='ltr'><strong>sed</strong></span> <span class='ocrx_word' id='word_1_20' title='bbox 1082 752 1206 833; x_wconf 86' lang='lat' dir='ltr'><strong>forma</strong></span> <span class='ocrx_word' id='word_1_21' title='bbox 1236 753 1336 837; x_wconf 87' lang='lat' dir='ltr'><strong>adeo</strong></span> 
     </span>
     <span class='ocr_line' id='line_1_5' title="bbox 181 869 1337 1008; baseline 0.007 -30"><span class='ocrx_word' id='word_1_22' title='bbox 181 869 184 873; x_wconf 87' lang='lat'><strong>.</strong></span> <span class='ocrx_word' id='word_1_23' title='bbox 244 913 527 1008; x_wconf 83' lang='lat' dir='ltr'><strong>praestantem,</strong></span> <span class='ocrx_word' id='word_1_24' title='bbox 548 912 686 1005; x_wconf 79' lang='lat' dir='ltr'><strong>totque</strong></span> <span class='ocrx_word' id='word_1_25' title='bbox 707 898 906 980; x_wconf 86' lang='lat' dir='ltr'><strong>illecebris</strong></span> <span class='ocrx_word' id='word_1_26' title='bbox 928 917 968 980; x_wconf 92' lang='lat' dir='ltr'><strong>et</strong></span> <span class='ocrx_word' id='word_1_27' title='bbox 985 900 1223 982; x_wconf 87' lang='lat' dir='ltr'><strong>blandiendi</strong></span> <span class='ocrx_word' id='word_1_28' title='bbox 1243 907 1337 986; x_wconf 87' lang='lat' dir='ltr'><strong>arti·</strong></span> 
     </span>
     <span class='ocr_line' id='line_1_6' title="bbox 246 1046 1334 1166; baseline 0.01 -39"><span class='ocrx_word' id='word_1_29' title='bbox 246 1046 323 1129; x_wconf 86' lang='lat' dir='ltr'><strong>bus</strong></span> <span class='ocrx_word' id='word_1_30' title='bbox 353 1050 615 1140; x_wconf 81' lang='lat' dir='ltr'><strong>instructam,</strong></span> <span class='ocrx_word' id='word_1_31' title='bbox 643 1065 689 1126; x_wconf 90' lang='lat' dir='ltr'><strong>ut</strong></span> <span class='ocrx_word' id='word_1_32' title='bbox 718 1049 854 1157; x_wconf 88' lang='lat' dir='ltr'><strong>plures</strong></span> <span class='ocrx_word' id='word_1_33' title='bbox 882 1055 927 1129; x_wconf 91' lang='lat' dir='ltr'><strong>in</strong></span> <span class='ocrx_word' id='word_1_34' title='bbox 957 1053 1117 1137; x_wconf 78' lang='lat' dir='ltr'><strong>civitate</strong></span> <span class='ocrx_word' id='word_1_35' title='bbox 1146 1075 1334 1166; x_wconf 89' lang='lat' dir='ltr'><strong>corrupta</strong></span> 
     </span>
     <span class='ocr_line' id='line_1_7' title="bbox 244 1194 967 1303; baseline -0.006 -24"><span class='ocrx_word' id='word_1_36' title='bbox 244 1195 323 1279; x_wconf 87' lang='lat' dir='ltr'><strong>sibi</strong></span> <span class='ocrx_word' id='word_1_37' title='bbox 342 1208 552 1273; x_wconf 85' lang='lat' dir='ltr'><strong>sectatores</strong></span> <span class='ocrx_word' id='word_1_38' title='bbox 572 1194 690 1274; x_wconf 84' lang='lat' dir='ltr'><strong>facile</strong></span> <span class='ocrx_word' id='word_1_39' title='bbox 711 1214 967 1303; x_wconf 89' lang='lat' dir='ltr'><strong>compararet.</strong></span> 
     </span>
    </p>

    <p class='ocr_par' dir='ltr' id='par_1_4' title="bbox 241 1344 1337 2198">
     <span class='ocr_line' id='line_1_8' title="bbox 299 1344 1335 1456; baseline 0.01 -33"><span class='ocrx_word' id='word_1_40' title='bbox 299 1344 405 1424; x_wconf 91' lang='lat' dir='ltr'><strong>Cum</strong></span> <span class='ocrx_word' id='word_1_41' title='bbox 425 1361 559 1424; x_wconf 89' lang='lat' dir='ltr'><strong>autem</strong></span> <span class='ocrx_word' id='word_1_42' title='bbox 580 1347 623 1422; x_wconf 89' lang='lat' dir='ltr'><strong>in</strong></span> <span class='ocrx_word' id='word_1_43' title='bbox 645 1348 933 1452; x_wconf 88' lang='lat' dir='ltr'><strong>conjuratione,</strong></span> <span class='ocrx_word' id='word_1_44' title='bbox 956 1376 1059 1456; x_wconf 79' lang='lat' dir='ltr'><strong>quae</strong></span> <span class='ocrx_word' id='word_1_45' title='bbox 1072 1375 1215 1456; x_wconf 84' lang='lat' dir='ltr'><strong>magno</strong></span> <span class='ocrx_word' id='word_1_46' title='bbox 1232 1352 1335 1434; x_wconf 88' lang='lat' dir='ltr'><strong>solet</strong></span> 
     </span>
     <span class='ocr_line' id='line_1_9' title="bbox 243 1494 1335 1604; baseline 0.003 -26"><span class='ocrx_word' id='word_1_47' title='bbox 243 1523 329 1578; x_wconf 84' lang='lat' dir='ltr'><strong>esse</strong></span> <span class='ocrx_word' id='word_1_48' title='bbox 350 1495 555 1604; x_wconf 87' lang='lat' dir='ltr'><strong>periculo,</strong></span> <span class='ocrx_word' id='word_1_49' title='bbox 576 1494 766 1575; x_wconf 86' lang='lat' dir='ltr'><strong>fortitudo</strong></span> <span class='ocrx_word' id='word_1_50' title='bbox 798 1499 922 1575; x_wconf 84' lang='lat' dir='ltr'><strong>animi</strong></span> <span class='ocrx_word' id='word_1_51' title='bbox 950 1526 1033 1577; x_wconf 90' lang='lat' dir='ltr'><strong>non</strong></span> <span class='ocrx_word' id='word_1_52' title='bbox 1058 1500 1254 1581; x_wconf 86' lang='lat' dir='ltr'><strong>faeminea</strong></span> <span class='ocrx_word' id='word_1_53' title='bbox 1274 1532 1335 1582; x_wconf 90' lang='lat' dir='ltr'><strong>re-</strong></span> 
     </span>
     <span class='ocr_line' id='line_1_10' title="bbox 245 1644 1336 1756; baseline 0.003 -31"><span class='ocrx_word' id='word_1_54' title='bbox 245 1648 442 1755; x_wconf 87' lang='lat' dir='ltr'><strong>quiratur;</strong></span> <span class='ocrx_word' id='word_1_55' title='bbox 459 1644 670 1723; x_wconf 84' lang='lat' dir='ltr'><strong>Sallustius</strong></span> <span class='ocrx_word' id='word_1_56' title='bbox 687 1644 996 1755; x_wconf 89' lang='lat' dir='ltr'><strong>nospraedocet,</strong></span> <span class='ocrx_word' id='word_1_57' title='bbox 1014 1650 1123 1755; x_wconf 74' lang='lat' dir='ltr'><strong>quod</strong></span> <span class='ocrx_word' id='word_1_58' title='bbox 1141 1653 1224 1756; x_wconf 90' lang='lat' dir='ltr'><strong>ipsa</strong></span> <span class='ocrx_word' id='word_1_59' title='bbox 1240 1658 1336 1729; x_wconf 82' lang='lat' dir='ltr'><strong>mul·</strong></span> 
     </span>
     <span class='ocr_line' id='line_1_11' title="bbox 241 1795 1337 1903; baseline 0.006 -29"><span class='ocrx_word' id='word_1_60' title='bbox 241 1813 286 1874; x_wconf 81' lang='lat' dir='ltr'><strong>ta</strong></span> <span class='ocrx_word' id='word_1_61' title='bbox 306 1824 422 1903; x_wconf 83' lang='lat' dir='ltr'><strong>saepe</strong></span> <span class='ocrx_word' id='word_1_62' title='bbox 444 1801 565 1875; x_wconf 78' lang='lat' dir='ltr'><strong>virilis</strong></span> <span class='ocrx_word' id='word_1_63' title='bbox 584 1795 774 1872; x_wconf 84' lang='lat' dir='ltr'><strong>audaciae</strong></span> <span class='ocrx_word' id='word_1_64' title='bbox 795 1799 979 1897; x_wconf 76' lang='lat' dir='ltr'><strong>facinora</strong></span> <span class='ocrx_word' id='word_1_65' title='bbox 1003 1806 1254 1876; x_wconf 84' lang='lat' dir='ltr'><strong>commiserat.</strong></span> <span class='ocrx_word' id='word_1_66' title='bbox 1276 1801 1337 1883; x_wconf 78' lang='lat' dir='ltr'><strong>Ex</strong></span> 
     </span>
     <span class='ocr_line' id='line_1_12' title="bbox 245 1943 1336 2052; baseline 0.006 -32"><span class='ocrx_word' id='word_1_67' title='bbox 245 1946 318 2035; x_wconf 90' lang='lat' dir='ltr'><strong>iis,</strong></span> <span class='ocrx_word' id='word_1_68' title='bbox 347 1970 448 2050; x_wconf 80' lang='lat' dir='ltr'><strong>quae</strong></span> <span class='ocrx_word' id='word_1_69' title='bbox 479 1944 712 2049; x_wconf 87' lang='lat' dir='ltr'><strong>Sempronia</strong></span> <span class='ocrx_word' id='word_1_70' title='bbox 734 1945 827 2048; x_wconf 82' lang='lat' dir='ltr'><strong>egit,</strong></span> <span class='ocrx_word' id='word_1_71' title='bbox 854 1943 955 2052; x_wconf 77' lang='lat' dir='ltr'><strong>quid</strong></span> <span class='ocrx_word' id='word_1_72' title='bbox 980 1946 1032 2023; x_wconf 86' lang='lat' dir='ltr'><strong>sit</strong></span> <span class='ocrx_word' id='word_1_73' title='bbox 1057 1962 1207 2038; x_wconf 90' lang='lat' dir='ltr'><strong>actura,</strong></span> <span class='ocrx_word' id='word_1_74' title='bbox 1235 1946 1336 2027; x_wconf 87' lang='lat' dir='ltr'><strong>licet</strong></span> 
     </span>
     <span class='ocr_line' id='line_1_13' title="bbox 247 2121 422 2198; baseline -0.017 -26"><span class='ocrx_word' id='word_1_75' title='bbox 247 2121 422 2198; x_wconf 86' lang='lat' dir='ltr'><strong>arguere.</strong></span> 
     </span>
    </p>

    <p class='ocr_par' dir='ltr' id='par_1_5' title="bbox 240 2232 1336 3218">
     <span class='ocr_line' id='line_1_14' title="bbox 299 2232 1335 2348; baseline 0.003 -27"><span class='ocrx_word' id='word_1_76' title='bbox 299 2245 390 2321; x_wconf 89' lang='lat' dir='ltr'><strong>Non</strong></span> <span class='ocrx_word' id='word_1_77' title='bbox 411 2269 511 2348; x_wconf 92' lang='lat' dir='ltr'><strong>opus</strong></span> <span class='ocrx_word' id='word_1_78' title='bbox 532 2257 592 2319; x_wconf 90' lang='lat' dir='ltr'><strong>est</strong></span> <span class='ocrx_word' id='word_1_79' title='bbox 614 2239 802 2318; x_wconf 87' lang='lat' dir='ltr'><strong>Sallustio</strong></span> <span class='ocrx_word' id='word_1_80' title='bbox 823 2240 999 2345; x_wconf 88' lang='lat' dir='ltr'><strong>saepius,</strong></span> <span class='ocrx_word' id='word_1_81' title='bbox 1020 2241 1082 2318; x_wconf 86' lang='lat' dir='ltr'><strong>uti</strong></span> <span class='ocrx_word' id='word_1_82' title='bbox 1102 2232 1203 2321; x_wconf 86' lang='lat' dir='ltr'><strong>solet</strong></span> <span class='ocrx_word' id='word_1_83' title='bbox 1224 2244 1335 2324; x_wconf 86' lang='lat' dir='ltr'><strong>Taci-</strong></span> 
     </span>
     <span class='ocr_line' id='line_1_15' title="bbox 246 2383 1336 2497; baseline 0.004 -27"><span class='ocrx_word' id='word_1_84' title='bbox 246 2407 336 2484; x_wconf 87' lang='lat' dir='ltr'><strong>tus,</strong></span> <span class='ocrx_word' id='word_1_85' title='bbox 365 2418 466 2497; x_wconf 87' lang='lat' dir='ltr'><strong>quae</strong></span> <span class='ocrx_word' id='word_1_86' title='bbox 488 2388 556 2469; x_wconf 92' lang='lat' dir='ltr'><strong>alii</strong></span> <span class='ocrx_word' id='word_1_87' title='bbox 577 2390 710 2467; x_wconf 89' lang='lat' dir='ltr'><strong>animo</strong></span> <span class='ocrx_word' id='word_1_88' title='bbox 739 2385 974 2479; x_wconf 83' lang='lat' dir='ltr'><strong>revolvunt,</strong></span> <span class='ocrx_word' id='word_1_89' title='bbox 1006 2383 1263 2494; x_wconf 82' lang='lat' dir='ltr'><strong>cogitationes</strong></span> <span class='ocrx_word' id='word_1_90' title='bbox 1294 2408 1336 2474; x_wconf 88' lang='lat' dir='ltr'><strong>ct</strong></span> 
     </span>
     <span class='ocr_line' id='line_1_16' title="bbox 245 2532 1335 2644; baseline -0.003 -24"><span class='ocrx_word' id='word_1_91' title='bbox 245 2539 409 2622; x_wconf 90' lang='lat' dir='ltr'><strong>consilia</strong></span> <span class='ocrx_word' id='word_1_92' title='bbox 432 2537 639 2644; x_wconf 82' lang='lat' dir='ltr'><strong>explicare.</strong></span> <span class='ocrx_word' id='word_1_93' title='bbox 670 2538 723 2614; x_wconf 89' lang='lat' dir='ltr'><strong>Ea</strong></span> <span class='ocrx_word' id='word_1_94' title='bbox 754 2532 899 2640; x_wconf 83' lang='lat' dir='ltr'><strong>gaudet</strong></span> <span class='ocrx_word' id='word_1_95' title='bbox 924 2534 1052 2615; x_wconf 86' lang='lat' dir='ltr'><strong>lector</strong></span> <span class='ocrx_word' id='word_1_96' title='bbox 1079 2539 1335 2644; x_wconf 84' lang='lat' dir='ltr'><strong>prospicere,</strong></span> 
     </span>
     <span class='ocr_line' id='line_1_17' title="bbox 244 2685 1335 2793; baseline -0.001 -25"><span class='ocrx_word' id='word_1_97' title='bbox 244 2717 328 2768; x_wconf 91' lang='lat' dir='ltr'><strong>non</strong></span> <span class='ocrx_word' id='word_1_98' title='bbox 348 2691 531 2793; x_wconf 84' lang='lat' dir='ltr'><strong>ignorans</strong></span> <span class='ocrx_word' id='word_1_99' title='bbox 551 2688 655 2765; x_wconf 88' lang='lat' dir='ltr'><strong>bene</strong></span> <span class='ocrx_word' id='word_1_100' title='bbox 677 2702 746 2764; x_wconf 85' lang='lat' dir='ltr'><strong>aut</strong></span> <span class='ocrx_word' id='word_1_101' title='bbox 765 2686 870 2764; x_wconf 89' lang='lat' dir='ltr'><strong>male</strong></span> <span class='ocrx_word' id='word_1_102' title='bbox 891 2685 1103 2765; x_wconf 90' lang='lat' dir='ltr'><strong>hominum</strong></span> <span class='ocrx_word' id='word_1_103' title='bbox 1124 2686 1254 2780; x_wconf 84' lang='lat' dir='ltr'><strong>facta,</strong></span> <span class='ocrx_word' id='word_1_104' title='bbox 1284 2715 1335 2768; x_wconf 90' lang='lat' dir='ltr'><strong>ex</strong></span> 
     </span>
     <span class='ocr_line' id='line_1_18' title="bbox 243 2835 1331 2944; baseline -0.004 -25"><span class='ocrx_word' id='word_1_105' title='bbox 243 2865 382 2920; x_wconf 89' lang='lat' dir='ltr'><strong>eorum</strong></span> <span class='ocrx_word' id='word_1_106' title='bbox 402 2836 593 2928; x_wconf 89' lang='lat' dir='ltr'><strong>moribus,</strong></span> <span class='ocrx_word' id='word_1_107' title='bbox 615 2835 755 2913; x_wconf 89' lang='lat' dir='ltr'><strong>studiis</strong></span> <span class='ocrx_word' id='word_1_108' title='bbox 786 2850 918 2941; x_wconf 88' lang='lat' dir='ltr'><strong>atque·</strong></span> <span class='ocrx_word' id='word_1_109' title='bbox 935 2836 1220 2942; x_wconf 83' lang='lat' dir='ltr'><strong>cupiditatibus</strong></span> <span class='ocrx_word' id='word_1_110' title='bbox 1241 2863 1331 2944; x_wconf 86' lang='lat' dir='ltr'><strong>pro·</strong></span> 
     </span>
     <span class='ocr_line' id='line_1_19' title="bbox 240 2971 1335 3091; baseline -0.003 -21"><span class='ocrx_word' id='word_1_111' title='bbox 240 2971 377 3070; x_wconf 75' lang='lat' dir='ltr'><strong>ficisci.</strong></span> <span class='ocrx_word' id='word_1_112' title='bbox 398 2988 456 3065; x_wconf 86' lang='lat' dir='ltr'><strong>Ex</strong></span> <span class='ocrx_word' id='word_1_113' title='bbox 475 2983 611 3063; x_wconf 92' lang='lat' dir='ltr'><strong>indole</strong></span> <span class='ocrx_word' id='word_1_114' title='bbox 631 2984 850 3090; x_wconf 76' lang='lat' dir='ltr'><strong>iugurthae</strong></span> <span class='ocrx_word' id='word_1_115' title='bbox 881 3000 922 3062; x_wconf 92' lang='lat' dir='ltr'><strong>et</strong></span> <span class='ocrx_word' id='word_1_116' title='bbox 950 2986 1110 3063; x_wconf 87' lang='lat' dir='ltr'><strong>Metelli</strong></span> <span class='ocrx_word' id='word_1_117' title='bbox 1131 2985 1335 3091; x_wconf 84' lang='lat' dir='ltr'><strong>colligitur</strong></span> 
     </span>
     <span class='ocr_line' id='line_1_20' title="bbox 243 3131 1332 3218; baseline -0.005 0"><span class='ocrx_word' id='word_1_118' title='bbox 243 3154 370 3218; x_wconf 88' lang='lat' dir='ltr'><strong>totam</strong></span> <span class='ocrx_word' id='word_1_119' title='bbox 390 3136 466 3216; x_wconf 83' lang='lat' dir='ltr'><strong>sibi</strong></span> <span class='ocrx_word' id='word_1_120' title='bbox 486 3137 604 3215; x_wconf 91' lang='lat' dir='ltr'><strong>armis</strong></span> <span class='ocrx_word' id='word_1_121' title='bbox 626 3152 666 3215; x_wconf 92' lang='lat' dir='ltr'><strong>et</strong></span> <span class='ocrx_word' id='word_1_122' title='bbox 686 3151 774 3214; x_wconf 86' lang='lat' dir='ltr'><strong>astu</strong></span> <span class='ocrx_word' id='word_1_123' title='bbox 794 3131 1026 3214; x_wconf 89' lang='lat' dir='ltr'><strong>Numidiam</strong></span> <span class='ocrx_word' id='word_1_124' title='bbox 1048 3133 1219 3214; x_wconf 88' lang='lat' dir='ltr'><strong>alterum</strong></span> <span class='ocrx_word' id='word_1_125' title='bbox 1245 3162 1332 3214; x_wconf 91' lang='lat' dir='ltr'><strong>esse</strong></span> 
     </span>
    </p>
   </div>
   <div class='ocr_carea' id='block_1_3' title="bbox 240 3259 1332 3395">
    <p class='ocr_par' dir='ltr' id='par_1_6' title="bbox 240 3259 1332 3395">
     <span class='ocr_line' id='line_1_21' title="bbox 240 3259 1332 3395; baseline -0.005 -27"><span class='ocrx_word' id='word_1_126' title='bbox 240 3259 543 3395; x_wconf 64' lang='lat' dir='ltr'><strong>¹subjecturum</strong></span> <span class='ocrx_word' id='word_1_127' title='bbox 562 3288 755 3372; x_wconf 80' lang='lat' dir='ltr'><strong>victorem</strong></span> <span class='ocrx_word' id='word_1_128' title='bbox 777 3284 972 3377; x_wconf 90' lang='lat' dir='ltr'><strong>alterum,</strong></span> <span class='ocrx_word' id='word_1_129' title='bbox 995 3283 1203 3391; x_wconf 85' lang='lat' dir='ltr'><strong>disciplina</strong></span> <span class='ocrx_word' id='word_1_130' title='bbox 1225 3283 1332 3362; x_wconf 91' lang='lat' dir='ltr'><strong>mili·</strong></span> 
     </span>
    </p>
   </div>
   <div class='ocr_carea' id='block_1_4' title="bbox 116 3429 1326 3542">
    <p class='ocr_par' dir='ltr' id='par_1_7' title="bbox 116 3429 1326 3542">
     <span class='ocr_line' id='line_1_22' title="bbox 116 3429 1326 3542; baseline -0.01 -21"><span class='ocrx_word' id='word_1_131' title='bbox 116 3462 121 3468; x_wconf 80' lang='grc'><strong>’</strong></span> <span class='ocrx_word' id='word_1_132' title='bbox 240 3455 331 3520; x_wconf 82' lang='lat' dir='ltr'><strong>tum</strong></span> <span class='ocrx_word' id='word_1_133' title='bbox 358 3442 404 3517; x_wconf 91' lang='lat' dir='ltr'><strong>in</strong></span> <span class='ocrx_word' id='word_1_134' title='bbox 428 3437 560 3516; x_wconf 82' lang='lat' dir='ltr'><strong>Africa</strong></span> <span class='ocrx_word' id='word_1_135' title='bbox 588 3439 836 3528; x_wconf 88' lang='lat' dir='ltr'><strong>restituta,a</strong></span> <span class='ocrx_word' id='word_1_136' title='bbox 865 3429 1017 3542; x_wconf 89' lang='lat' dir='ltr'><strong>proelio</strong></span> <span class='ocrx_word' id='word_1_137' title='bbox 1047 3434 1326 3513; x_wconf 86' lang='lat' dir='ltr'><strong>discessurum.</strong></span> 
     </span>
    </p>
   </div>
   <div class='ocr_carea' id='block_1_5' title="bbox 229 3581 1369 4125">
    <p class='ocr_par' dir='ltr' id='par_1_8' title="bbox 245 3581 1330 3694">
     <span class='ocr_line' id='line_1_23' title="bbox 245 3581 1330 3694; baseline -0.012 -23"><span class='ocrx_word' id='word_1_138' title='bbox 245 3589 363 3692; x_wconf 86' lang='lat' dir='ltr'><strong>Quod</strong></span> <span class='ocrx_word' id='word_1_139' title='bbox 383 3604 517 3669; x_wconf 90' lang='lat' dir='ltr'><strong>autem</strong></span> <span class='ocrx_word' id='word_1_140' title='bbox 536 3589 580 3666; x_wconf 92' lang='lat' dir='ltr'><strong>in</strong></span> <span class='ocrx_word' id='word_1_141' title='bbox 598 3586 709 3666; x_wconf 85' lang='lat' dir='ltr'><strong>hisce</strong></span> <span class='ocrx_word' id='word_1_142' title='bbox 729 3588 894 3694; x_wconf 90' lang='lat' dir='ltr'><strong>picturis</strong></span> <span class='ocrx_word' id='word_1_143' title='bbox 914 3587 1056 3692; x_wconf 84' lang='lat' dir='ltr'><strong>majori</strong></span> <span class='ocrx_word' id='word_1_144' title='bbox 1077 3600 1137 3663; x_wconf 89' lang='lat' dir='ltr'><strong>est</strong></span> <span class='ocrx_word' id='word_1_145' title='bbox 1159 3581 1330 3660; x_wconf 89' lang='lat' dir='ltr'><strong>admira-</strong></span> 
     </span>
    </p>

    <p class='ocr_par' dir='ltr' id='par_1_9' title="bbox 229 3721 1369 4125">
     <span class='ocr_line' id='line_1_24' title="bbox 229 3721 1369 3845; baseline -0.007 -32"><span class='ocrx_word' id='word_1_146' title='bbox 229 3721 351 3815; x_wconf 89' lang='lat' dir='ltr'><strong>tione</strong></span> <span class='ocrx_word' id='word_1_147' title='bbox 373 3737 552 3843; x_wconf 82' lang='lat' dir='ltr'><strong>dignum,</strong></span> <span class='ocrx_word' id='word_1_148' title='bbox 573 3765 642 3816; x_wconf 92' lang='lat' dir='ltr'><strong>sua</strong></span> <span class='ocrx_word' id='word_1_149' title='bbox 664 3738 810 3843; x_wconf 81' lang='lat' dir='ltr'><strong>cuique</strong></span> <span class='ocrx_word' id='word_1_150' title='bbox 831 3739 988 3845; x_wconf 89' lang='lat' dir='ltr'><strong>propria</strong></span> <span class='ocrx_word' id='word_1_151' title='bbox 1010 3738 1116 3813; x_wconf 86' lang='lat' dir='ltr'><strong>inest</strong></span> <span class='ocrx_word' id='word_1_152' title='bbox 1135 3734 1263 3836; x_wconf 84' lang='lat' dir='ltr'><strong>imago</strong></span> <span class='ocrx_word' id='word_1_153' title='bbox 1287 3744 1329 3806; x_wconf 91' lang='lat' dir='ltr'><strong>et</strong></span> <span class='ocrx_word' id='word_1_154' title='bbox 1365 3738 1369 3751; x_wconf 91' lang='lat'>&#39;</span> 
     </span>
     <span class='ocr_line' id='line_1_25' title="bbox 242 3863 1331 3996; baseline -0.008 -33"><span class='ocrx_word' id='word_1_155' title='bbox 242 3882 392 3977; x_wconf 86' lang='lat' dir='ltr'><strong>forma,</strong></span> <span class='ocrx_word' id='word_1_156' title='bbox 413 3889 566 3966; x_wconf 90' lang='lat' dir='ltr'><strong>nemini</strong></span> <span class='ocrx_word' id='word_1_157' title='bbox 592 3863 754 3981; x_wconf 86' lang='lat' dir='ltr'><strong>similis,</strong></span> <span class='ocrx_word' id='word_1_158' title='bbox 784 3911 1028 3996; x_wconf 86' lang='lat' dir='ltr'><strong>quamquam</strong></span> <span class='ocrx_word' id='word_1_159' title='bbox 1058 3882 1182 3962; x_wconf 85' lang='lat' dir='ltr'><strong>altera</strong></span> <span class='ocrx_word' id='word_1_160' title='bbox 1213 3877 1331 3958; x_wconf 87' lang='lat' dir='ltr'><strong>alteri</strong></span> 
     </span>
     <span class='ocr_line' id='line_1_26' title="bbox 265 4047 552 4125; baseline 0.024 -20"><span class='ocrx_word' id='word_1_161' title='bbox 265 4063 277 4105; x_wconf 88' lang='lat'>1</span> <span class='ocrx_word' id='word_1_162' title='bbox 302 4047 370 4125; x_wconf 86' lang='lat' dir='ltr'><strong>Pag.</strong></span> <span class='ocrx_word' id='word_1_163' title='bbox 391 4047 485 4122; x_wconf 81' lang='lat'><strong>33,1.</strong></span> <span class='ocrx_word' id='word_1_164' title='bbox 509 4049 552 4112; x_wconf 85' lang='lat'><strong>15.</strong></span> 
     </span>
    </p>
   </div>
   <div class='ocr_carea' id='block_1_6' title="bbox 0 0 1448 4748">
    <p class='ocr_par' dir='ltr' id='par_1_10' title="bbox 0 0 1448 4748">
     <span class='ocr_line' id='line_1_27' title="bbox 0 0 1448 4748; baseline 0 1"><span class='ocrx_word' id='word_1_165' title='bbox 0 0 1448 4748; x_wconf 95' lang='lat' dir='ltr'><strong> </strong></span> 
     </span>
    </p>
   </div>
  </div>
 </body>
</html>
