2888 4748
420 349 608 415 BELLUM
632 344 970 414 JUGURTHINUM
1119 351 1121 354 ’
1164 343 1229 412 rab

155 497 331 590 ampliore,
346 520 441 587 qnam
457 497 601 588 gerebat,
616 497 730 586 dignus
746 495 929 585 haberetur..
943 496 1063 558 Tamen
1080 492 1107 558 is
1131 494 1171 558 ad
1193 495 1228 558 id

157 607 302 671 locorum
317 614 325 639 ¹
341 604 411 669 talis
427 605 495 687 vir,
511 611 604 687 (nam
627 619 736 694 postea
761 602 932 667 ambitione
955 624 1106 692 praeceps
1130 601 1227 666 datus

158 717 222 793 est)
238 711 437 777 consulatum
454 712 599 802 adpetere
616 734 679 775 non
697 709 840 774 audebat
858 708 965 773 Etiam
980 722 1048 772 tum
1064 707 1142 771 alios
1158 730 1223 772 ma·

154 821 304 908 gistratus
313 818 433 908 plebes,
442 819 642 884 consulatum
652 817 800 883 nobilitas
808 816 891 880 inter
905 838 938 907 se
951 836 1008 904 per
1023 813 1222 878 manus¹tra·

154 925 255 990 debat.
266 927 374 991 Novus
385 948 477 990 nemo
490 925 793 1014 tamclarus,neque
808 940 873 990 tam
889 920 1022 1011 egregiis
1039 919 1129 984 factis
1145 934 1224 1001 erat,

157 1034 236 1122 quin
252 1034 279 1098 is
295 1032 445 1122 indignus
460 1032 515 1097 illo
531 1031 651 1098 honore
668 1047 698 1099 ct
714 1033 806 1121 quasi
821 1030 963 1121 pollutus
979 1026 1157 1092 haberetur.

201 1139 360 1204 LXVIII.
385 1139 486 1229 Igitur
510 1141 567 1203 ubi
598 1141 720 1210 Marius
744 1137 923 1227 haruspicis
940 1135 1025 1201 dicta
1044 1134 1155 1199 eodem
1176 1134 1223 1197 in·

153 1246 281 1310 tendere
304 1245 415 1326 ridet,
440 1269 503 1337 quo
528 1246 644 1335 cupido
672 1245 769 1309 animi
793 1244 1001 1323 hortabatur,
1024 1241 1064 1307 ab
1088 1239 1219 1306 Metello

154 1352 288 1441 petundi
311 1353 411 1441 gratia
426 1349 436 1387 ³
451 1353 635 1419 missionem
651 1356 748 1441 'rogat
766 1367 797 1416 ⁴:
821 1351 875 1416 cui
894 1372 1088 1439 quamquam
1103 1349 1224 1428 virtus,

141 1529 146 1537 ¹
152 1459 254 1546 gloria
277 1473 371 1551 atquc
395 1459 457 1524 alia
481 1461 619 1551 optanda
641 1459 733 1525 bonis
758 1459 969 1550 superabant,
990 1472 1096 1521 tamen
1118 1456 1224 1535 inerat

155 1579 330 1630 contemtor
345 1566 469 1632 animus
485 1582 517 1633 et
533 1567 701 1658 superbia,
718 1589 886 1633 commune
902 1564 1076 1630 nobilitatis
1093 1562 1221 1627 malum.

156 1672 268 1761 Itaque
284 1673 422 1766 primum
439 1689 616 1762 commotus
631 1675 760 1740 insolita
775 1699 827 1755 re,
843 1673 951 1740 mirari
967 1675 1036 1755 ejus
1052 1670 1221 1736 consilium

85 1859 88 1864 Ι
156 1794 188 1842 et
204 1780 294 1868 quasi
308 1803 367 1869 per
382 1780 555 1846 amicitiam
570 1805 711 1863 monere,
726 1808 765 1847 ne
781 1799 846 1846 tom
859 1805 958 1868 prava
974 1780 1141 1863 inciperet,
1157 1801 1224 1840 neu

152 1909 248 1971 super
256 1888 426 1970 fortunam
451 1891 592 1952 animum
614 1905 758 1975 gereret:
780 1913 843 1952 non
868 1889 974 1950 omnio
999 1883 1142 1950 omnibus
1164 1907 1220 1946 cu-

151 1993 270 2078 piendo
286 2017 352 2055 esse
365 2021 373 2056 :
388 1994 501 2058 debere
518 1996 570 2058 itti
585 2021 634 2059 res
650 2021 723 2059 suas
739 1998 816 2059 satis
829 1995 959 2081 placere
973 2006 1151 2078 :postremo
1168 2016 1221 2053 co·

153 2114 238 2161 reret
251 2099 285 2161 id
297 2115 404 2184 petere
420 2125 440 2163 a
454 2103 573 2186 populo
591 2106 730 2167 Romano
744 2153 753 2182 ,
769 2103 854 2189 quod
878 2101 929 2164 illi
945 2105 1020 2184 jure
1042 2112 1217 2183 negaretur.

153 2203 327 2295 Postquam
348 2206 427 2271 haec
456 2222 552 2299 atque
572 2210 634 2279 alia
651 2203 731 2284 ‘talia
746 2210 843 2290 dixit,
858 2231 962 2296 neque
982 2205 1105 2285 animus
1123 2203 1233 2275 Marii.

153 2309 310 2392 flectitur3
325 2314 507 2404 respondit:
528 2317 584 2381 ubi
604 2320 742 2404 primum
763 2321 918 2404 potuisset
937 2340 996 2401 per
1019 2313 1145 2399 negotia
1158 2335 1218 2396 pu-

151 2416 258 2500 blico,
273 2424 442 2505 sucturum
471 2450 537 2488 sese
561 2421 592 2504 ⁵,
616 2449 697 2511 quae
719 2439 850 2509 peteret.
877 2422 926 2487 Ac
948 2434 1058 2511 postca
1090 2417 1217 2507 saepius

152 2527 261 2591 eadem
275 2530 469 2618 postulanti,
484 2530 585 2595 fertur
601 2531 732 2596 dixisse:
753 2557 792 2595 ne
806 2533 983 2614 festinaret
1006 2527 1116 2591 abire:
1139 2526 1216 2608 sotis

152 2649 273 2699 mature
290 2637 382 2699 illum
406 2663 477 2701 eum
491 2638 569 2722 filio
593 2663 649 2701 suo
665 2650 676 2685 ⁶
692 2639 891 2702 consulatum
913 2638 1097 2725 petiturum.
1123 2631 1156 2695 ls
1179 2654 1217 2695 eo

150 2755 292 2831 tempore
308 2745 514 2809 contubernio
531 2747 655 2836 ⁷patris
671 2745 789 2811 ibidem
810 2746 984 2825 militabat,
1007 2752 1107 2806 annos
1123 2754 1216 2804 natus

150 2848 277 2914 circiter
291 2876 340 2914 xx.
364 2851 454 2934 Quae
470 2876 519 2918 res
537 2854 676 2918 Marium
692 2841 766 2920 cum
781 2878 840 2945 pro
856 2853 996 2931 honore,
1020 2871 1116 2938 quem
1132 2845 1216 2911 adfe-

152 2957 257 3021 ctabat
276 3005 285 3037 ,
307 2972 375 3022 tum
399 2974 511 3024 contra
535 2961 700 3027 Metellum
723 2962 925 3029 vehementer
949 2958 1142 3024 accenderat.
1168 2955 1216 3018 Ita

151 3063 301 3154 cupidine
324 3081 419 3155 atque
442 3068 507 3149 ira,
528 3070 686 3158 pessumis
711 3069 965 3146 consultoribus,
987 3063 1141 3154 grassari:
1161 3085 1214 3126 ne·

174 3292 183 3326 1
207 3272 252 3328 Ad
268 3273 297 3329 id
314 3288 441 3350 tempus3
456 3275 568 3407 pluries
588 3279 664 3335 enim
720 3278 738 3336 5
757 3279 849 3337 Idest:
878 3275 1039 3334 missionem
1059 3266 1211 3330 concessu·

150 3348 235 3416 Iocus
247 3369 301 3424 pro
315 3361 453 3425 tempusa
475 3353 597 3410 hibetur.
700 3375 773 3413 rum.

169 3441 185 3478 2
208 3425 397 3482 proverbialis
416 3427 566 3503 loquutio,
588 3450 662 3504 quae
719 3433 738 3487 6
758 3433 812 3486 Per
824 3447 996 3485 sarcasmum
1008 3425 1132 3492 dictum;
1145 3444 1214 3479 nam

150 3498 226 3556 idem
235 3513 326 3569 sonat,
336 3521 368 3558 ao
381 3503 403 3556 si
413 3502 535 3560 dixisset:
547 3502 664 3561 Nobiles
702 3507 865 3563 consulatus
876 3524 935 3562 non
945 3515 1057 3581 poterat
1069 3502 1127 3577 geri
1139 3542 1146 3568 ,
1158 3498 1213 3554 nisi

151 3576 309 3633 successive
329 3577 507 3634 consulatum
528 3579 663 3637 adminis·
701 3584 800 3640 aetatis
811 3603 886 3638 anno
898 3580 934 3653 45
947 3580 1043 3637 saltem
1056 3589 1165 3651 coepto.

149 3653 265 3710 trabant
277 3665 305 3708 ct
316 3653 397 3728 quasi
408 3675 460 3730 per
472 3675 572 3712 ritanus
590 3658 663 3715 inter
720 3679 736 3739 7
760 3661 990 3718 contubernium
1002 3652 1105 3708 dicitur
1117 3649 1211 3705 taber-

151 3745 180 3783 se
192 3727 358 3798 tradebant,
371 3750 406 3785 ne
423 3730 541 3808 ignobili
553 3735 664 3803 contin·
701 3738 852 3803 naculum,
874 3735 902 3787 1'11
923 3750 981 3804 quo
993 3728 1089 3804 Plures
1110 3725 1213 3782 milli&

95 3822 113 3829 ··
150 3816 237 3875 geret,
616 3826 617 3833 ¹
700 3812 838 3867 habitant,
856 3808 951 3861 Duces
969 3817 1001 3860 ut
1018 3801 1127 3858 nobiles
1144 3801 1211 3857 ado-

168 3874 186 3930 3
208 3873 332 3952 Supple:
354 3883 551 3938 consulatum.
702 3885 848 3950 lescentes,
866 3882 905 3936 sic
923 3894 951 3937 et
968 3879 1040 3938 lilios
1057 3878 1210 3937 contuhcr·
1302 3864 1323 3900 '¹

169 3949 299 4022 4H0die
323 3953 521 4013 dimissionem
548 3957 663 4030 dicunt;
700 3962 749 4021 nio
769 3963 820 4018 sut>
839 3957 1018 4026 habehant„
1108 3964 1115 3975 ¹

149 4025 282 4086 videlicet
292 4027 462 4089 solutionem
473 4054 488 4089 a
500 4034 606 4092 militia.
