2888 4748
483 480 820 591 EPISTOLA

363 719 468 798 cu.
532 708 943 793 somnum

415 932 457 977 IN
477 930 639 977 sustam
660 931 879 976 IMPERATORE

367 1156 370 1163 ·
484 1125 550 1193 AD
578 1124 812 1192 SENATUM
898 1152 900 1157 ·

161 1428 185 1492 1.
199 1382 256 1498 Sl
272 1426 425 1494 advorsus
439 1446 496 1492 vos
511 1419 711 1512 patriamque
734 1435 766 1486 et
792 1420 867 1489 deos
884 1421 1046 1505 Penates,
1060 1424 1176 1491 totiens

115 1536 239 1601 labores
256 1550 287 1599 et
301 1534 443 1625 pericula
458 1530 680 1621 suscepissem,
688 1531 835 1619 quotiens
851 1532 986 1621 aprima
996 1531 1175 1598 adolescen-

113 1642 158 1706 tia
172 1642 270 1707 duetu
285 1663 356 1705 meo
373 1638 597 1706 scelestissumi
613 1637 719 1701 hostes
734 1636 798 1701 fusi
821 1653 851 1702 et
872 1638 963 1706 vobis
979 1639 1064 1704 selus
1080 1663 1177 1729 quae-

114 1748 174 1812 sita
193 1762 256 1812 est:
281 1746 362 1810 nihil
385 1746 521 1833 amplius
543 1744 578 1805 in
598 1743 760 1806 absentem
778 1764 829 1808 me
849 1745 1055 1825 statuissetis,
1078 1770 1175 1834 quam

109 1853 215 1918 adhue
239 1853 349 1941 agitis,
372 1853 409 1916 P.
434 1851 487 1931 G.,
509 1870 604 1936 quem
625 1861 737 1912 contra
760 1862 891 1912 aetatem
909 1853 917 1876 ¹
932 1853 1111 1939 projectum
1132 1852 1174 1918 ad

110 1960 232 2025 bellum
247 1960 494 2036 saevissumum,
516 1976 591 2019 eum
613 1953 752 2018 exercitu
773 1968 902 2044 optume
923 1957 1054 2039 merito,
1074 1983 1174 2046 quan·

114 2080 184 2130 tum
199 2063 295 2128 estin
310 2062 419 2141 vebis,
434 2061 533 2141 fame,
547 2060 735 2126 miserruma
751 2062 895 2125 omnium
911 2078 1022 2145 morte,
1037 2062 1174 2129 confeci·

110 2170 175 2236 stis.
199 2171 269 2234 Hae
291 2169 324 2232 in
350 2191 406 2258 spe
427 2169 567 2258 populus
591 2168 756 2233 Romanus
771 2164 887 2234 liberos
903 2193 977 2235 suos
998 2171 1038 2236 ad
1054 2171 1176 2238 bellum

110 2277 219 2344 misit?
230 2277 323 2369 llaec
339 2289 414 2340 sunt
427 2275 568 2364 praemia
582 2298 641 2365 pro
657 2275 843 2342 vulneribus
859 2289 890 2340 ct
904 2276 1019 2342 totiens
1029 2278 1069 2342 eb
1079 2279 1173 2343 Rem·

110 2384 272 2476 publicam
287 2382 359 2447 fuse
376 2382 550 2470 sanguine?
566 2383 683 2446 Fessus
700 2380 870 2447 scribundo
891 2365 1113 2474 mittundoque
1128 2386 1171 2450 le·

109 2506 217 2580 gatos,
233 2490 339 2555 omnis
355 2512 431 2580 opes
447 2502 478 2553 et
494 2511 565 2577 spes
579 2488 720 2578 privatas
736 2510 821 2552 meas
837 2491 1013 2554 consumsi:
1035 2514 1110 2556 eum
1124 2493 1172 2556 in·

108 2599 201 2662 terim
216 2596 339 2664 evehis
354 2618 412 2686 per
426 2594 600 2660 triennium
615 2595 668 2663 vix
683 2619 809 2659 annuus
825 2611 948 2661 sumtus
964 2598 1056 2663 datus
1072 2614 1126 2664 est

155 2705 197 2767 ll.
215 2704 278 2768 Per
293 2703 368 2767 deos
384 2703 581 2784 inmortalis,
596 2717 705 2768 utrum
721 2704 855 2768 censetis
870 2726 921 2770 me
936 2704 1038 2771 vicem
1055 2707 1168 2771 aerarii

47 2792 51 2803 ¹
101 2825 286 2909 praestare,
310 2833 351 2873 an
376 2811 548 2874 exercitum
570 2811 645 2875 sine·
657 2810 815 2875 frumento
832 2824 863 2874 et
879 2811 1036 2903 stipendio
1052 2813 1169 2880 habere

107 2922 225 3009 posse?
240 2916 400 3006 Equidem
414 2916 533 2999 fateor,
553 2940 604 2981 me
629 2918 669 2982 ad
692 2918 754 2983 hoe
771 2918 892 3005 bellum
908 2923 1027 3003 majore
1044 2920 1168 3003 studio,

108 3049 204 3116 quam
220 3025 364 3107 consilio,
380 3025 571 3116 profectum:
582 3027 701 3116 quippe
718 3027 773 3115 qui
789 3027 917 3090 nomine
932 3026 1025 3091 modo
1042 3029 1168 3118 imperii

108 3133 232 3197 euobis
250 3147 396 3221 accepto,
418 3133 530 3198 diebus
553 3132 761 3221 quadraginta
784 3133 954 3197 exereitum
969 3135 1097 3222 paravi,
1113 3134 1167 3199 ho·

109 3239 228 3325 stisque
243 3237 277 3300 in
292 3239 470 3306 cervicibus
480 3245 544 3322 jem
553 3240 664 3303 Italiae
680 3240 800 3331 agentis
809 3240 848 3303 ab
860 3238 996 3331 Alpibus
1010 3241 1043 3304 in
1054 3241 1168 3331 Hispa·

107 3345 195 3412 niam
211 3343 363 3408 submovi.
382 3345 444 3407 Per
460 3369 528 3424 eas,
543 3345 603 3409 iter
623 3346 736 3410 aliud·
764 3361 859 3434 atque
879 3347 1059 3428 Hannibal,
1074 3349 1167 3413 nohis

108 3451 322 3544 opportunius
337 3448 480 3538 patefeci.
497 3451 617 3540 Recepi
634 3453 792 3533 Galliam,
808 3455 1026 3543 Pyrenaeum,
1043 3456 1166 3519 Laleta-

106 3560 208 3639 niam,
224 3557 414 3646 Ilergetum:
431 3571 462 3621 et
475 3557 615 3649 primum
630 3558 785 3650 impetum
804 3560 936 3627 Sertorii
951 3563 1095 3644 victoris,
1109 3585 1165 3627 nu·

129 3807 140 3842 1
165 3787 318 3864 Pompeius
335 3799 406 3844 tunc
424 3785 555 3843 nondum
566 3789 616 3845 tri·
655 3790 720 3849 vide
748 3791 959 3866 compendium
987 3793 1167 3850 Histo‘ricum

107 3863 185 3940 ginta
198 3883 287 3918 annos
299 3865 437 3941 attigerat.
655 3888 722 3946 pag.
737 3872 798 3938 180,
809 3868 829 3924 l.
842 3888 882 3925 10.

125 3956 142 3998 2
162 3939 205 3996 De
216 3937 315 3997 itinere
327 3940 457 4021 Pompeji
467 3960 520 4019 per
531 3940 619 4020 Alpes

1140 4299 1369 4434 h
