2888 4748
631 324 781 399 vrrs
892 419 896 433 ,
1119 359 1251 426 ¹q

169 477 201 548 ei
225 478 321 548 simul
337 478 548 574 Reipublicae
565 482 704 547 honores
721 495 851 549 senatus
867 471 1016 564 contulit,
1038 503 1178 573 eumque
1200 480 1249 548 di·

168 610 340 687 statorem,
361 606 546 687 consulem,
562 606 729 672 tribunum
752 605 856 696 plebis
880 606 1008 673 creavit
1032 605 1085 670 lbi
1108 618 1179 672 tum
1202 606 1249 672 al·

167 742 269 796 teram
292 730 483 819 epistolam,
512 751 596 820 quae
618 751 787 820 perperam
809 729 951 820 priorem
974 728 1097 794 obtinet
1118 727 1250 814 locum,

169 851 344 918 Sallustius
368 852 409 917 ad
432 875 507 917 eum
528 851 635 935 dedit,
651 875 715 942 qua
731 852 883 942 gravibus
897 851 1003 919 verbis
1019 850 1157 917 eundem
1180 875 1249 918 mo·

165 990 240 1071 met,
257 1001 297 1042 ne
322 975 451 1062 quando
475 977 549 1040 victi
563 979 645 1041 cives
660 991 754 1056 runt,
770 975 907 1066 superbe
930 975 1022 1040 sein
1045 975 1180 1042 victoria
1203 974 1249 1041 ef·

164 1098 739 1191 ferat:hortaturqueutReipublicae
755 1099 894 1188 quietem
910 1098 1076 1188 bonasque
1089 1099 1176 1188 leges
1192 1098 1249 1164 tri·

103 1290 107 1304 ,
166 1222 268 1303 buat,
300 1222 418 1310 quibus
443 1222 588 1288 civilium
610 1222 818 1319 dissitborum
839 1221 993 1287 memoria
1016 1221 1186 1287 deleatur:
1209 1235 1248 1291 ut
1305 1298 1311 1304 ,

166 1343 306 1435 denique
314 1345 509 1435 benignitate
523 1359 554 1411 et
565 1345 733 1410 clementia
747 1344 891 1410 omnium
904 1345 937 1408 in
953 1367 987 1411 se
1001 1328 1106 1410 studia
1115 1368 1249 1413 eonver-

166 1469 510 1559 tat,immortalemque
520 1467 837 1534 nominituofamam
852 1483 884 1534 et
897 1467 1027 1535 laudem
1039 1469 1251 1560 adipiscatur.'

168 1591 266 1658 Anno
290 1594 332 1659 U.
359 1593 395 1658 G.
415 1594 479 1684 708
495 1576 613 1658 Gaesar
626 1593 763 1657 Romam
778 1591 981 1682 remigravit,
1008 1591 1266 1683 Sallustiusque'
1345 1598 1350 1608 ’

167 1729 294 1806 praetor
316 1713 420 1782 factus
436 1717 634 1796 Terentiam,
650 1739 748 1805 quam
768 1715 882 1780 Cicero
902 1715 1103 1805 repudiatam
1118 1715 1251 1793 dimise·¹

168 1852 234 1921 rat,
250 1861 382 1903 uxorem
397 1838 489 1903 duxit
508 1845 525 1901 ¹.
552 1838 681 1903 Editam
694 1842 758 1922 jam
773 1853 851 1903 tuuc
868 1839 1021 1928 temporis
1039 1838 1250 1906 Catilinariae

166 1962 399 2045 conjurationis
422 1961 589 2027 historiam
607 1961 707 2026 fnisse
726 1983 790 2026 non
806 1975 853 2027 est
867 1962 1101 2052 amb'gcndum.
1117 1963 1248 2030 Etenim
1284 1978 1286 1983 ’

166 2084 319 2150 credibile
350 2106 415 2148 non
444 2084 573 2151 videtur
602 2084 743 2152 voluisse
768 2085 958 2151 Sallustium
989 2084 1132 2166 Fabiae,
1162 2109 1247 2174 quae

168 2206 337 2272 Terentiae
360 2231 450 2273 soror
473 2222 573 2292 esset,
593 2223 746 2301 stuprum
768 2210 909 2300 vulgare.
934 2208 1121 2274 Pharsalica
1145 2209 1246 2275 victo·

167 2332 232 2412 ria,
256 2331 467 2423 Pompejique
490 2356 576 2399 mors
600 2333 704 2399 civilis
728 2332 806 2397 belli
829 2331 1016 2398 incendium
1033 2331 1162 2422 penitus
1178 2354 1246 2398 non

167 2455 364 2520 restinxerat.
381 2457 527 2544 Namque
550 2441 765 2519 Mauritaniae
780 2477 835 2519 rex
850 2453 950 2536 tuba,
973 2454 1154 2538 conjunctis
1170 2474 1246 2521 cum

170 2580 293 2643 Catone
323 2592 354 2644 et
385 2577 537 2668 Scipione
567 2577 708 2659 viribus,
731 2573 890 2643 infensam
914 2577 1046 2642 Caesari
1074 2576 1248 2644 factionem

168 2701 383 2767 suscitaverat
408 2700 625 2785 Quamobrem
655 2701 709 2767 hic
737 2684 895 2767 decimam
921 2701 1080 2791 legionem
1103 2701 1250 2791 aliasque

168 2825 276 2914 copias
303 2823 456 2889 Sallustio
469 2825 548 2890 illuc
561 2824 764 2890 deducendas
779 2825 957 2905 commisit,
977 2824 1142 2915 pollicitus
1155 2824 1248 2891 brevi

170 2970 203 3011 se
218 2970 292 3013 cum
307 2947 432 3036 reliquo
448 2949 589 3034 exercitu
605 2948 718 3014 eodem
732 2964 916 3030 venturum,
932 2964 969 3014 ut
984 2948 1032 3012 illi
1047 2948 1132 3013 bello
1148 2946 1248 3015 finem

168 3068 293 3137 faceret.
318 3070 487 3136 Profectus
511 3085 559 3137 est
583 3069 776 3152 Sallustius;
796 3087 829 3138 at
842 3072 959 3137 milites
973 3095 1037 3160 quo
1052 3070 1248 3137 ducerentur

169 3193 282 3272 nescii,
295 3216 395 3280 quum
407 3210 540 3260 rentum
553 3194 617 3261 fuit
629 3196 671 3261 ad
684 3218 790 3277 mare,
806 3196 887 3280 jussi
902 3219 999 3262 naves
1014 3196 1248 3287 conscendere,

170 3314 312 3378 tumultu
335 3316 489 3398 excitato,
511 3318 697 3385 missionem
723 3319 946 3411 promissaque
974 3323 1034 3388 sibi
1054 3325 1089 3389 in
1110 3304 1248 3391 Pharsa-

169 3437 213 3500 lia
228 3437 371 3526 praemia
394 3437 617 3528 efflagitarunt
642 3443 710 3508 Nec
734 3443 852 3509 blanda
877 3445 1030 3511 Sallustio
1054 3449 1169 3528 rerba,
1186 3471 1249 3514 nee

170 3574 252 3625 artes
284 3559 460 3648 quidquam
482 3561 682 3651 profuerunt.
708 3566 810 3631 Immo
833 3591 909 3634 vero
934 3571 980 3634 sic
1003 3570 1038 3634 iu
1062 3576 1249 3636 eum'exar-

172 3697 299 3763 serunt,
321 3697 358 3748 ut
373 3682 554 3750 furentibus
570 3688 623 3752 vir
639 3689 766 3779 elapsus
782 3691 919 3755 Romam
933 3692 1102 3783 perfugere
1117 3709 1249 3762 coactus

164 3805 275 3871 fuerit.
293 3804 444 3873 Adventu
459 3799 703 3900 praesentiaque
727 3837 786 3878 sua
812 3815 931 3910 Caesar
954 3817 1095 3882 tumultu
1120 3843 1248 3912 compo-

197 4057 209 4094 1
234 4037 260 4094 S.
283 4038 402 4099 Hieron.
424 4040 488 4100 adv.
508 4041 603 4101 Jovin.
624 4042 642 4120 l,
667 4065 689 4102 1.

1373 712 1398 753 S
