2888 4748
373 321 564 404 BELLUM
591 312 935 387 CATILINXRIUM
1047 324 1049 329 ’
1147 321 1197 409 39.

117 441 300 519 eumeentus
313 499 322 529 ,
346 447 472 537 inquit,
497 445 536 509 ab
562 444 701 508 inimicis
723 463 878 528 praeceps
895 443 1191 528 agor,incendium

117 559 240 626 aecum¹
258 560 353 621 ruina
373 559 590 642 restinguam„

164 664 335 733 XXXIII.
362 665 448 729 Dein
473 687 506 729 se
530 686 568 728 ex
584 657 674 726 curia
690 657 821 724 domum
835 653 1018 747 proripuit3
1033 655 1079 721 ibi
1094 663 1194 731 multa

118 773 193 867 ipse
217 796 328 841 secam
344 774 487 852 volvens,
504 769 592 861 quod
617 791 722 856 neque
737 764 871 831 insidiae
888 765 1032 830 oonsuli¹
1047 771 1197 857 procede·

101 883 216 963 bant,
240 897 271 948 et
295 882 335 946 ab
359 879 508 946 incendio
532 876 736 966 intellegebat
751 874 864 940 urbem
879 872 997 963 vigiliis
1021 877 1198 963 munitam,

122 1007 292 1082 optumum
307 990 430 1054 factum
446 987 578 1053 credens
595 985 769 1049 exercitum
786 1005 918 1072 augere,
935 1005 972 1047 ac
988 984 1078 1072 prius
1100 1010 1199 1075 quam

119 1098 263 1188 legiones
281 1097 495 1161 scriberentur
507 1089 536 1176 ³,
551 1095 654 1159 multo
670 1106 858 1180 antecapere
874 1113 911 1154 ea
927 1114 1009 1180 quae
1024 1092 1109 1158 bello
1124 1096 1207 1161 usui·

123 1205 256 1286 forent,
281 1219 377 1270 nocte
399 1204 590 1294 intempesta
614 1223 689 1267 cum
713 1198 825 1289 paucis
850 1197 884 1261 in
909 1196 1074 1264 Manliana
1098 1216 1203 1269 caetra

75 1343 76 1346 ¹
120 1312 287 1403 profectus
305 1327 360 1377 est.
380 1311 445 1376 Sed
463 1309 606 1400 Cethego
630 1323 725 1396 atque
742 1306 882 1372 Lentulo
910 1306 1104 1398 ceterisque,
1124 1333 1203 1399 quo·

121 1443 196 1486 rum
221 1434 414 1509 cognoverat
428 1433 587 1510 promtam
604 1414 792 1496 audaciam,
807 1412 956 1502 mandat,
975 1416 1091 1503 qulbus
1107 1418 1202 1484 redas

120 1545 270 1616 possent,
296 1554 369 1615 apes
383 1530 545 1614 factionis
577 1526 765 1610 confirment
774 1552 784 1602 ,·
814 1523 950 1588 insidias
982 1526 1108 1590 consuli
1135 1551 1225 1591 ma··⁴

123 1652 252 1715 turent3
276 1637 427 1717 caedem,
452 1635 604 1701 incendia
634 1633 764 1718 aliaque
789 1631 869 1696 belli
882 1633 1039 1716 facinora
1060 1652 1205 1721 parent:

122 1768 190 1809 sese
212 1742 495 1832 propediemcum
520 1767 633 1830 magno
664 1743 809 1805 exercitu
842 1740 885 1804 ad
915 1741 1026 1806 arbem
1055 1744 1205 1810 adeersu-

124 1874 205 1919 nim.

171 1960 339 2035 XXXIV.
357 1961 447 2024 Dum
463 1958 542 2022 haec
559 1957 682 2022 Romae
698 1968 865 2044 geruntur,
883 1954 919 2020 G.
930 1957 1073 2023 Manlius
1090 1982 1127 2024 ex
1144 1985 1204 2026 suo

123 2090 259 2132 numero
283 2067 404 2155 legatos
429 2066 469 2130 ad
494 2067 531 2150 Q.
555 2065 715 2129 Marcium
732 2065 853 2154 Regem
877 2064 994 2147 mittit,
1018 2089 1092 2130 eum
1115 2091 1205 2139 man·

123 2175 208 2240 datis
223 2172 467 2258 hujuscemodi:
484 2178 567 2237 Deos
591 2173 796 2259 hominesque
808 2156 809 2160 ,
820 2189 995 2253 testamur,
1018 2176 1206 2261 imperator,

123 2305 181 2347 nos
206 2307 297 2345 arma
320 2306 424 2368 neque
449 2297 561 2345 eontra
584 2283 725 2367 patriam
749 2281 891 2366 cepisse,
909 2306 1012 2366 neque
1034 2307 1097 2368 quo
1120 2285 1205 2368 peri·

124 2391 235 2454 culum
259 2390 536 2473 aliissaeeremus
550 2437 559 2467 ,
574 2389 631 2452 sed
655 2389 705 2450 uti
728 2411 862 2472 corpora
888 2405 996 2451 nostra
1018 2389 1057 2452 ab
1081 2392 1206 2474 injuria

124 2514 196 2562 tata
209 2499 343 2582 forent3
367 2499 424 2583 qui
447 2497 577 2573 miseri,
601 2508 748 2580 egentes,
769 2495 921 2557 violentia
945 2510 1041 2581 atque
1063 2498 1205 2562 ‘erudeli-

125 2621 191 2668 tate
206 2605 472 2688 faeneratorum,
491 2603 637 2688 plerique
661 2603 810 2687 patriae,
833 2601 890 2665 sed
912 2627 1020 2666 omnes
1033 2605 1133 2688 sama
1157 2621 1205 2669 at·

125 2735 188 2798 que
203 2712 350 2797 fortunis
375 2726 523 2797 expertes
546 2733 677 2773 sumus:
701 2733 805 2795 neque
827 2711 977 2795 cuiquam
996 2728 1139 2777 nostrum
1165 2714 1204 2778 li·

127 2823 194 2884 oait
206 2871 215 2900 ,
239 2844 324 2883 more
349 2823 527 2904 majorum,
551 2817 619 2904 lege
644 2819 693 2880 uti
708 2812 740 2895 ⁴3
765 2842 868 2903 neque
881 2867 891 2896 ,
915 2820 1031 2882 amisso
1049 2823 1205 2907 patrimo·

127 2932 180 2992 nio
193 2978 203 3006 ,
227 2927 363 2991 liberum
388 2950 501 3013 corpus
526 2924 670 2990 babere:
695 2939 786 2988 tanta
810 2928 943 2989 saevitia
957 2929 1204 3010 foeneratorum

126 3053 223 3122 atque
245 3037 403 3122 praetoris
417 3035 497 3118 suit.
525 3037 627 3120 Saepe
653 3037 789 3119 majores
814 3035 916 3098 nostri
940 3037 1077 3107 miseriti
1098 3035 1205 3122 plebis

127 3144 448 3222 Rornanae,deer·etis
464 3144 530 3207 suis
546 3144 675 3229 inopiae
692 3145 761 3226 ejus
778 3142 929 3226 opitulati
943 3158 1035 3206 sunt:
1050 3133 1088 3208 ae
1106 3146 1206 3208 naris·

127 3274 215 3314 sume
240 3253 392 3314 memoria
416 3266 545 3330 nostra,
567 3266 698 3336 propter
714 3249 965 3334 magnitudinem
982 3254 1067 3315 aeris
1084 3252 1206 3332 alieni,

125 3356 306 3423 rotensibus
323 3357 467 3420 omnibus
485 3358 588 3437 bonis,
604 3373 770 3443 argentum
786 3366 882 3420 aere⁵
897 3359 1036 3421 solutum
1054 3375 1109 3424 est.
1128 3364 1205 3424 Sae-

125 3490 168 3552 pe
193 3466 263 3551 ipsa
285 3463 417 3551 plebes,
440 3480 498 3529 aut
512 3465 701 3531 dominandi
724 3463 829 3529 studio
850 3483 996 3552 permota
1016 3483 1074 3532 aut
1096 3492 1205 3553 super-

153 3683 163 3716 1
188 3660 302 3731 Quod
294 3681 324 3716 m
350 3682 394 3718 me
415 3662 571 3718 excitatum
596 3674 647 3720 est.
706 3659 723 3718 3
745 3661 769 3716 Α
792 3662 909 3721 consule
927 3675 1027 3720 contra
1047 3661 1207 3720 exercitum

127 3738 301 3814 Metaphora
322 3751 437 3826 sumpta
450 3740 486 3795 ab
499 3739 648 3809 incendiis,
689 3738 838 3795 Catilinae.

132 3835 224 3890 quae,
246 3835 280 3870 ne
303 3813 400 3872 dissita
420 3835 538 3891 quoque
551 3815 648 3871 aedifi·
707 3815 726 3887 4
746 3818 805 3872 Lex
816 3816 924 3872 Licinia
936 3827 964 3872 ct
984 3814 1054 3871 aliae
1067 3814 1206 3874 adversus

132 3911 175 3946 cra
191 3891 347 3961 invadant,
367 3892 450 3948 ruina
463 3893 648 3952 intermedio·
687 3893 890 3962 foeneratores,
902 3914 939 3953 ne
950 3893 980 3949 in
990 3892 1134 3950 debitores
1145 3910 1208 3950 sae-

131 3985 197 4022 rum
217 3935 349 4043 impediri
370 3968 468 4030 solent.
687 3971 790 4028 virent

152 4059 168 4096 a
189 4042 275 4114 Idest,
295 4057 458 4136 ριιιιιιιιιι.ι
709 4044 948 4125 5Aerepublico
963 4064 1014 4111 seu
1029 4065 1067 4105 cx
1087 4045 1205 4106 aerario.
