2888 4748
410 337 598 410 BELLUM
623 335 964 407 cATIzINAnlt-JM
1188 339 1227 407 55
1255 346 1258 352 '

150 485 299 584 equidem
315 492 419 558 dicere
435 495 483 574 id,
498 494 584 581 quod
598 517 648 559 res
664 493 780 558 lralet:
796 495 829 556 in
854 493 942 556 luctu
967 505 1063 580 atque
1088 493 1225 559 miseriis

151 618 304 681 martem,
327 626 554 667 aerumnarum
576 603 740 689 requiem,
755 626 819 666 nan
836 602 1012 664 cruciatum
1038 624 1129 680 esse3
1153 624 1224 666 eam

147 711 464 776 cunctamartalium
480 711 568 774 mala
583 710 766 789 dissolvere3
779 708 866 772 ultra
881 734 984 796 neque
1000 733 1224 795 aurae‚neque

145 818 267 906 gaudia
283 818 387 882 laeum
404 842 480 883 esse.
498 819 575 897 Sed,
588 841 648 905 per
662 823 744 882 Dece
760 813 952 894 inmortalis,
968 816 1173 903 quamobrem
1189 819 1224 881 in

147 927 341 991 sententiam
358 949 422 988 nen
438 925 613 1004 addidisti,
633 926 682 989 uti
702 927 792 1011 prius
816 923 994 989 veritatibus
1019 926 1053 988 in
1077 948 1130 989 eas
1154 926 1224 987 ani·

147 1032 423 1096 madvertereturr’
439 1037 487 1095 An
511 1034 589 1119 quia
613 1031 669 1096 lea·
695 1034 810 1096 Porcia
834 1035 944 1095 retati
958 1047 993 1094 at
1008 1031 1093 1095 aliae
1119 1031 1225 1116 leges,

148 1142 225 1204 item
241 1139 459 1202 condemnatis
474 1139 592 1202 civibus
613 1140 754 1201 animam
778 1163 842 1202 naa
866 1139 949 1224 eripi
960 1188 970 1217 ,
992 1138 1049 1203 sed
1071 1139 1224 1202 exsilium
1251 1147 1253 1151 '

146 1247 292 1333 permitti
301 1244 425 1329 jubent.
441 1249 487 1312 An
505 1247 581 1330 quia
594 1248 721 1330 gravius
736 1261 784 1308 est
799 1244 969 1323 verberari,
985 1270 1081 1331 quam
1098 1247 1226 1309 necari?

148 1354 228 1441 quid
251 1369 358 1417 autem
382 1352 554 1431 acerbum,
578 1368 635 1417 aut
654 1355 749 1416 nimis
762 1377 854 1439 grace
871 1369 919 1417 est
933 1354 967 1415 in
983 1352 1125 1416 hanzines
1142 1354 1226 1416 tanti

138 1462 302 1547 facinoris
318 1463 500 1524 convictas?
515 1462 579 1539 sin,
595 1461 673 1547 quia
688 1461 787 1525 levius
803 1476 850 1524 est
859 1488 869 1538 ,·
884 1462 943 1546 qui
956 1463 1102 1525 convenit
1117 1463 1151 1524 in
1167 1462 1225 1524 mi-

133 1594 225 1634 ·nore
236 1569 366 1654 ,negatio
385 1568 483 1654 legem
500 1570 634 1647 timere,
656 1592 814 1643 cumeum
833 1569 866 1630 in
882 1569 1002 1651 majore
1018 1569 1225 1654 neglexeris?

43 1709 48 1719 ·
148 1682 190 1741 At
204 1678 289 1741 enim
306 1677 377 1762 quis
399 1675 631 1761 reprehendet,
652 1676 739 1762 quod
762 1678 795 1738 in
819 1675 1000 1761 parricidas
1016 1675 1237 1761 Reipublicae)

147 1785 309 1848 decretum
334 1784 421 1846 erit?
445 1798 593 1869 tempus,
616 1782 706 1861 dies,
718 1784 858 1866 fortuna
870 1831 879 1860 ,
903 1784 994 1866 cujus
1019 1781 1131 1845 Iulida
1149 1805 1225 1869 gen·

149 1892 235 1956 tibus
256 1890 451 1977 moderatur.
477 1890 549 1953 Illis
574 1890 686 1952 merita
709 1887 858 1967 accidet,
882 1887 1040 1974 quidquid
1062 1891 1224 1953 evenerit:

147 1979 369 2062 ceterum'ras
401 2000 436 2059 P.
465 2000 499 2059 0.
525 1995 603 2081 quid
632 1997 666 2058 in
697 1995 779 2059 alias
807 1997 985 2075 statuatis,
1013 1996 1221 2061 considerate.

152 2107 267 2169 Omnia
292 2103 379 2166 mala
399 2103 549 2188 eaempla
565 2126 608 2165 ea
624 2101 714 2165 banis
733 2102 827 2165 rebus
851 2083 919 2168 arta
942 2119 1045 2167 sunt:
1066 2103 1124 2167 scd
1134 2153 1143 2182 ,
1166 2103 1223 2167 ubi

147 2213 316 2298 imperium
340 2210 383 2273 ad
407 2211 531 2296 ignaros
563 2225 621 2273 aut
653 2211 757 2273 minas
788 2209 886 2273 lonas
908 2211 1053 2297 pervenit
1069 2239 1079 2288 ς
1105 2233 1219 2273 nerum

147 2318 232 2382 illud
251 2318 434 2404 exemplum
459 2316 499 2381 alr
523 2316 626 2402 dignis
656 2332 688 2380 et
719 2317 841 2403 idoneis
864 2317 907 2379 ad
935 2317 1080 2402 indignas
1100 2331 1132 2380 et
1154 2340 1218 2379 nan

146 2427 276 2490 idoneas
293 2426 493 2508 transfertur.

190 2532 245 2596 LI.
272 2531 537 2607 Lacedaemonii,
557 2527 685 2593 devietis
702 2528 969 2608 Atheniensibus,
992 2530 1123 2616 triginta
1138 2531 1219 2593 viras

143 2644 311 2726 inposuere
316 2640 391 2724 ,qui
406 2636 644 2723 Rempulrlicam
661 2661 769 2701 earum
785 2652 968 2708 tractarent.
986 2641 1017 2702 li
1029 2640 1132 2724 prima
1148 2659 1221 2701 eae·

142 2772 218 2834 pere
233 2769 416 2833 pessumum
432 2768 589 2831 quemque
605 2761 637 2810 et
651 2744 796 2809 amnibus
812 2747 945 2811 inrisum
962 2746 1181 2810 indemnatum
1205 2743 1214 2770 ¹

143 2879 281 2919 necare:
302 2878 341 2917 ea
354 2853 492 2938 papulus
509 2851 646 2931 laetari,
665 2867 697 2917 et
712 2848 823 2917 merita
839 2852 944 2918 dicere
951 2854 1039 2938 fieri.
1056 2857 1145 2932 Post,
1160 2851 1218 2916 uli
1271 2909 1273 2915 ,

140 2963 313 3046 paullatim
330 2961 462 3026 lieentia
477 2961 593 3039 erevit,
611 2962 711 3045 juxta
733 2960 832 3024 lanas
855 2976 887 3024 et
910 2962 1011 3026 malas
1034 2960 1220 3024 lubidinose·

140 3070 460 3154 interficere,ceteras
476 3079 562 3132 metu
577 3084 704 3133 terrere.
722 3073 773 3132 Ita
788 3070 911 3148 ciritae,
926 3070 1074 3133 servitute
1089 3067 1217 3153 obpres-

140 3200 198 3255 sa,
216 3176 332 3240 stultae
349 3175 492 3240 laetitiae
504 3178 608 3263 gravis
621 3200 742 3262 paenas
757 3176 854 3241 dedit.
870 3181 987 3242 Nostra
1002 3176 1156 3241 memoria
1171 3175 1214 3240 ri-

140 3299 209 3346 ctar
225 3281 333 3360 Sulla,
348 3307 419 3346 cum
435 3285 663 3370 Damasippum
679 3285 689 3310 ¹
711 3299 744 3347 et
758 3284 847 3363 alias
868 3283 1038 3368 ejusmodi,
1053 3285 1111 3370 qui
1126 3282 1213 3347 mala

139 3387 346 3474 Reipublicae
362 3406 537 3469 creverant,
547 3391 693 3476 jugulari
702 3393 801 3475 jussit
810 3420 821 3469 3
837 3393 908 3477 quis
924 3391 1125 3476 mansuetum
1142 3394 1212 3473 ejus

137 3492 470 3560 laudabatr’Hamines
483 3495 820 3582 scelestas,sactiasas‚
830 3500 887 3585 qui
901 3498 1109 3577 seditionibus
1120 3501 1211 3560 Rem·

136 3603 300 3689 pullicum
316 3605 576 3689 exagitaverant,
595 3608 705 3687 merita
722 3622 850 3670 necatas
866 3606 1004 3690 aiebant.
1023 3603 1089 3668 Sed
1103 3628 1143 3668 ea
1159 3625 1210 3666 res

128 3733 270 3798 'magnae
294 3712 421 3775 initium
444 3711 546 3775 cladis
559 3712 641 3797 suit·
672 3717 753 3778 Nam
778 3715 826 3777 uti
844 3716 979 3799 quisque
1002 3711 1130 3776 domum
1154 3724 1214 3774 aut
1265 3703 1267 3706 ¹

162 3984 173 4020 1
197 3963 291 4024 Causa
303 3965 419 4024 indiae.
470 4034 482 4045 ,
506 4006 509 4009 -
713 3968 805 4024 anie
834 3967 887 4023 tuit
912 3976 1031 4044 praetor
1057 3961 1213 4032 urbanus,

695 4044 781 4101 Marii
800 4042 918 4102 sicarius
935 4041 1164 4118 crudelissimus„
