<?xml version="1.0" encoding="UTF-8"?>
<!DOCTYPE html PUBLIC "-//W3C//DTD XHTML 1.0 Transitional//EN"
    "http://www.w3.org/TR/xhtml1/DTD/xhtml1-transitional.dtd">
<html xmlns="http://www.w3.org/1999/xhtml" xml:lang="en" lang="en">
 <head>
  <title>
</title>
<meta http-equiv="Content-Type" content="text/html;charset=utf-8" />
  <meta name='ocr-system' content='tesseract 3.04.00' />
  <meta name='ocr-capabilities' content='ocr_page ocr_carea ocr_par ocr_line ocrx_word'/>
</head>
<body>
  <div class='ocr_page' id='page_1' title='image "./opera00sallgoog_0298.png"; bbox 0 0 2888 4748; ppageno 0'>
   <div class='ocr_carea' id='block_1_1' title="bbox 224 319 1309 560">
    <p class='ocr_par' dir='ltr' id='par_1_1' title="bbox 224 319 1309 560">
     <span class='ocr_line' id='line_1_1' title="bbox 229 319 1012 401; baseline -0.003 -13"><span class='ocrx_word' id='word_1_1' title='bbox 229 325 296 401; x_wconf 68' lang='lat'><strong>248</strong></span> <span class='ocrx_word' id='word_1_2' title='bbox 526 325 567 386; x_wconf 80' lang='lat' dir='ltr'><strong>G.</strong></span> <span class='ocrx_word' id='word_1_3' title='bbox 580 319 744 388; x_wconf 71' lang='lat' dir='ltr'><strong>otusPt</strong></span> <span class='ocrx_word' id='word_1_4' title='bbox 769 319 1012 389; x_wconf 74' lang='lat' dir='ltr'><strong>santustss</strong></span> 
     </span>
     <span class='ocr_line' id='line_1_2' title="bbox 224 457 1309 560; baseline 0.004 -25"><span class='ocrx_word' id='word_1_5' title='bbox 224 497 302 560; x_wconf 85' lang='lat'><em>272.</em></span> <span class='ocrx_word' id='word_1_6' title='bbox 320 469 435 560; x_wconf 81' lang='lat' dir='ltr'><strong>Neque</strong></span> <span class='ocrx_word' id='word_1_7' title='bbox 445 468 593 535; x_wconf 79' lang='lat' dir='ltr'><strong>detrusus</strong></span> <span class='ocrx_word' id='word_1_8' title='bbox 610 470 802 560; x_wconf 78' lang='lat' dir='ltr'><strong>aliquotiens</strong></span> <span class='ocrx_word' id='word_1_9' title='bbox 816 483 960 537; x_wconf 70' lang='lat' dir='ltr'><strong>terretur:</strong></span> <span class='ocrx_word' id='word_1_10' title='bbox 970 471 1176 560; x_wconf 50' lang='lat' dir='ltr'><strong>Priuegrome</strong></span> <span class='ocrx_word' id='word_1_11' title='bbox 1190 473 1228 537; x_wconf 85' lang='lat' dir='ltr'><strong>de</strong></span> <span class='ocrx_word' id='word_1_12' title='bbox 1239 457 1309 539; x_wconf 68' lang='lat' dir='ltr'><strong>odo·</strong></span> 
     </span>
    </p>
   </div>
   <div class='ocr_carea' id='block_1_2' title="bbox 228 589 1306 984">
    <p class='ocr_par' dir='ltr' id='par_1_2' title="bbox 285 589 629 649">
     <span class='ocr_line' id='line_1_3' title="bbox 285 589 629 649; baseline 0 -13"><span class='ocrx_word' id='word_1_13' title='bbox 285 592 360 649; x_wconf 70' lang='lat' dir='ltr'><strong>loono,</strong></span> <span class='ocrx_word' id='word_1_14' title='bbox 374 592 398 635; x_wconf 85' lang='lat' dir='ltr'><strong>tn</strong></span> <span class='ocrx_word' id='word_1_15' title='bbox 409 589 495 636; x_wconf 77' lang='lat' dir='ltr'><strong>adnuito</strong></span> <span class='ocrx_word' id='word_1_16' title='bbox 508 589 629 636; x_wconf 72' lang='lat' dir='ltr'><strong>moenium.</strong></span> 
     </span>
    </p>

    <p class='ocr_par' dir='ltr' id='par_1_3' title="bbox 228 681 1172 861">
     <span class='ocr_line' id='line_1_4' title="bbox 228 681 1172 773; baseline -0.003 -23"><span class='ocrx_word' id='word_1_17' title='bbox 228 685 309 773; x_wconf 76' lang='lat'><em>273.</em></span> <span class='ocrx_word' id='word_1_18' title='bbox 327 683 366 746; x_wconf 93' lang='lat' dir='ltr'><strong>In</strong></span> <span class='ocrx_word' id='word_1_19' title='bbox 383 682 470 748; x_wconf 89' lang='lat' dir='ltr'><strong>nuda</strong></span> <span class='ocrx_word' id='word_1_20' title='bbox 486 683 605 767; x_wconf 83' lang='lat' dir='ltr'><strong>injecto</strong></span> <span class='ocrx_word' id='word_1_21' title='bbox 620 703 762 772; x_wconf 83' lang='lat' dir='ltr'><strong>corpora.</strong></span> <span class='ocrx_word' id='word_1_22' title='bbox 778 682 923 747; x_wconf 83' lang='lat' dir='ltr'><strong>Diomed.</strong></span> <span class='ocrx_word' id='word_1_23' title='bbox 938 681 978 746; x_wconf 82' lang='lat' dir='ltr'><strong>cle</strong></span> <span class='ocrx_word' id='word_1_24' title='bbox 992 698 1075 769; x_wconf 84' lang='lat' dir='ltr'><strong>part.</strong></span> <span class='ocrx_word' id='word_1_25' title='bbox 1094 699 1172 749; x_wconf 84' lang='lat' dir='ltr'><strong>oret.</strong></span> 
     </span>
     <span class='ocr_line' id='line_1_5' title="bbox 284 801 972 861; baseline 0.006 -15"><span class='ocrx_word' id='word_1_26' title='bbox 284 803 435 860; x_wconf 55' lang='lat' dir='ltr'><strong>tramam,</strong></span> <span class='ocrx_word' id='word_1_27' title='bbox 450 803 490 861; x_wconf 68' lang='lat' dir='ltr'><strong>pix</strong></span> <span class='ocrx_word' id='word_1_28' title='bbox 501 801 579 848; x_wconf 71' lang='lat' dir='ltr'><strong>nolam</strong></span> <span class='ocrx_word' id='word_1_29' title='bbox 587 803 612 846; x_wconf 82' lang='lat' dir='ltr'><strong>ln</strong></span> <span class='ocrx_word' id='word_1_30' title='bbox 621 811 712 860; x_wconf 64' lang='lat' dir='ltr'><strong>oouporn</strong></span> <span class='ocrx_word' id='word_1_31' title='bbox 722 802 877 847; x_wconf 67' lang='lat' dir='ltr'><strong>catomum</strong></span> <span class='ocrx_word' id='word_1_32' title='bbox 886 813 972 850; x_wconf 76' lang='lat' dir='ltr'><strong>nom.</strong></span> 
     </span>
    </p>

    <p class='ocr_par' dir='ltr' id='par_1_4' title="bbox 232 892 1306 984">
     <span class='ocr_line' id='line_1_6' title="bbox 232 892 1306 984; baseline -0.001 -25"><span class='ocrx_word' id='word_1_33' title='bbox 232 894 307 984; x_wconf 68' lang='lat'><strong>274.</strong></span> <span class='ocrx_word' id='word_1_34' title='bbox 326 896 378 959; x_wconf 92' lang='lat' dir='ltr'><strong>De</strong></span> <span class='ocrx_word' id='word_1_35' title='bbox 397 916 514 983; x_wconf 83' lang='lat' dir='ltr'><strong>pecore</strong></span> <span class='ocrx_word' id='word_1_36' title='bbox 538 893 626 958; x_wconf 89' lang='lat' dir='ltr'><strong>eoria</strong></span> <span class='ocrx_word' id='word_1_37' title='bbox 646 915 757 959; x_wconf 86' lang='lat' dir='ltr'><strong>recens</strong></span> <span class='ocrx_word' id='word_1_38' title='bbox 779 892 920 960; x_wconf 81' lang='lat' dir='ltr'><strong>detracta</strong></span> <span class='ocrx_word' id='word_1_39' title='bbox 940 892 1032 983; x_wconf 83' lang='lat' dir='ltr'>quasi</span> <span class='ocrx_word' id='word_1_40' title='bbox 1053 894 1178 983; x_wconf 84' lang='lat' dir='ltr'><strong>glutino</strong></span> <span class='ocrx_word' id='word_1_41' title='bbox 1200 893 1306 962; x_wconf 86' lang='lat' dir='ltr'><strong>adole-</strong></span> 
     </span>
    </p>
   </div>
   <div class='ocr_carea' id='block_1_3' title="bbox 284 1000 1082 1165">
    <p class='ocr_par' dir='ltr' id='par_1_5' title="bbox 284 1000 1082 1165">
     <span class='ocr_line' id='line_1_7' title="bbox 299 1000 699 1086; baseline -0.005 -22"><span class='ocrx_word' id='word_1_42' title='bbox 299 1000 439 1064; x_wconf 85' lang='lat' dir='ltr'><strong>scebant.</strong></span> <span class='ocrx_word' id='word_1_43' title='bbox 457 1002 584 1064; x_wconf 79' lang='lat' dir='ltr'><strong>Servius</strong></span> <span class='ocrx_word' id='word_1_44' title='bbox 597 1025 699 1086; x_wconf 81' lang='lat' dir='ltr'><em>georg.</em></span> 
     </span>
     <span class='ocr_line' id='line_1_8' title="bbox 284 1105 1082 1165; baseline 0.003 -14"><span class='ocrx_word' id='word_1_45' title='bbox 284 1105 361 1161; x_wconf 78' lang='lat' dir='ltr'><strong>Corio,</strong></span> <span class='ocrx_word' id='word_1_46' title='bbox 369 1106 454 1162; x_wconf 68' lang='lat' dir='ltr'><strong>quibos</strong></span> <span class='ocrx_word' id='word_1_47' title='bbox 462 1114 526 1152; x_wconf 72' lang='lat' dir='ltr'><strong>teoto</strong></span> <span class='ocrx_word' id='word_1_48' title='bbox 538 1106 642 1162; x_wconf 74' lang='lat' dir='ltr'><strong>vimina,</strong></span> <span class='ocrx_word' id='word_1_49' title='bbox 654 1114 692 1150; x_wconf 79' lang='lat' dir='ltr'><strong>ont</strong></span> <span class='ocrx_word' id='word_1_50' title='bbox 701 1105 815 1152; x_wconf 70' lang='lat' dir='ltr'><strong>nuthlon·</strong></span> <span class='ocrx_word' id='word_1_51' title='bbox 823 1107 910 1165; x_wconf 72' lang='lat' dir='ltr'><strong>ligneae</strong></span> <span class='ocrx_word' id='word_1_52' title='bbox 920 1107 1082 1164; x_wconf 73' lang='lat' dir='ltr'><strong>oprrlobontot.</strong></span> 
     </span>
    </p>
   </div>
   <div class='ocr_carea' id='block_1_4' title="bbox 230 1195 1306 1288">
    <p class='ocr_par' dir='ltr' id='par_1_6' title="bbox 230 1195 1306 1288">
     <span class='ocr_line' id='line_1_9' title="bbox 230 1195 1306 1288; baseline 0 -28"><span class='ocrx_word' id='word_1_53' title='bbox 230 1196 306 1285; x_wconf 80' lang='lat'><strong>275.</strong></span> <span class='ocrx_word' id='word_1_54' title='bbox 333 1197 380 1260; x_wconf 90' lang='lat' dir='ltr'><strong>Ut</strong></span> <span class='ocrx_word' id='word_1_55' title='bbox 395 1219 445 1260; x_wconf 89' lang='lat' dir='ltr'><strong>res</strong></span> <span class='ocrx_word' id='word_1_56' title='bbox 468 1195 569 1283; x_wconf 82' lang='lat' dir='ltr'><strong>magis</strong></span> <span class='ocrx_word' id='word_1_57' title='bbox 592 1219 689 1286; x_wconf 87' lang='lat' dir='ltr'><strong>quam</strong></span> <span class='ocrx_word' id='word_1_58' title='bbox 707 1197 805 1263; x_wconf 86' lang='lat' dir='ltr'><strong>verba</strong></span> <span class='ocrx_word' id='word_1_59' title='bbox 827 1213 1030 1287; x_wconf 84' lang='lat' dir='ltr'><strong>gererentur,</strong></span> <span class='ocrx_word' id='word_1_60' title='bbox 1053 1198 1176 1264; x_wconf 79' lang='lat' dir='ltr'><strong>liberos</strong></span> <span class='ocrx_word' id='word_1_61' title='bbox 1194 1215 1306 1288; x_wconf 87' lang='lat' dir='ltr'><strong>paren·</strong></span> 
     </span>
    </p>
   </div>
   <div class='ocr_carea' id='block_1_5' title="bbox 288 1301 1166 1478">
    <p class='ocr_par' dir='ltr' id='par_1_7' title="bbox 288 1301 1166 1478">
     <span class='ocr_line' id='line_1_10' title="bbox 297 1301 1166 1392; baseline 0.003 -24"><span class='ocrx_word' id='word_1_62' title='bbox 297 1318 411 1392; x_wconf 84' lang='lat' dir='ltr'><strong>tesque</strong></span> <span class='ocrx_word' id='word_1_63' title='bbox 426 1301 460 1364; x_wconf 92' lang='lat' dir='ltr'><strong>in</strong></span> <span class='ocrx_word' id='word_1_64' title='bbox 477 1302 577 1366; x_wconf 88' lang='lat' dir='ltr'><strong>muris</strong></span> <span class='ocrx_word' id='word_1_65' title='bbox 592 1303 783 1370; x_wconf 73' lang='lat' dir='ltr'><strong>locaverant</strong></span> <span class='ocrx_word' id='word_1_66' title='bbox 804 1310 869 1372; x_wconf 79' lang='lat' dir='ltr'><strong>Vet.</strong></span> <span class='ocrx_word' id='word_1_67' title='bbox 887 1306 993 1371; x_wconf 81' lang='lat' dir='ltr'><strong>Sehol.</strong></span> <span class='ocrx_word' id='word_1_68' title='bbox 1012 1308 1120 1371; x_wconf 82' lang='lat' dir='ltr'><strong>Statii.</strong></span> <span class='ocrx_word' id='word_1_69' title='bbox 1162 1371 1166 1379; x_wconf 88' lang='grc'>,</span> 
     </span>
     <span class='ocr_line' id='line_1_11' title="bbox 288 1420 736 1478; baseline 0.007 -10"><span class='ocrx_word' id='word_1_70' title='bbox 288 1421 402 1468; x_wconf 69' lang='lat' dir='ltr'><strong>nonnum</strong></span> <span class='ocrx_word' id='word_1_71' title='bbox 411 1420 568 1478; x_wconf 68' lang='lat' dir='ltr'><strong>ctryeemm</strong></span> <span class='ocrx_word' id='word_1_72' title='bbox 577 1424 631 1469; x_wconf 72' lang='lat' dir='ltr'><strong>ort·</strong></span> <span class='ocrx_word' id='word_1_73' title='bbox 642 1425 736 1471; x_wconf 71' lang='lat' dir='ltr'><strong>um.</strong></span> 
     </span>
    </p>
   </div>
   <div class='ocr_carea' id='block_1_6' title="bbox 228 1499 1298 1816">
    <p class='ocr_par' dir='ltr' id='par_1_8' title="bbox 228 1499 1298 1816">
     <span class='ocr_line' id='line_1_12' title="bbox 230 1499 1021 1605; baseline -0.005 -25"><span class='ocrx_word' id='word_1_74' title='bbox 230 1519 304 1605; x_wconf 80' lang='lat'><strong>276.</strong></span> <span class='ocrx_word' id='word_1_75' title='bbox 330 1516 370 1576; x_wconf 88' lang='lat' dir='ltr'><strong>In</strong></span> <span class='ocrx_word' id='word_1_76' title='bbox 386 1513 518 1576; x_wconf 90' lang='lat' dir='ltr'><strong>modum</strong></span> <span class='ocrx_word' id='word_1_77' title='bbox 533 1513 635 1578; x_wconf 88' lang='lat' dir='ltr'><strong>Erieii</strong></span> <span class='ocrx_word' id='word_1_78' title='bbox 650 1499 900 1579; x_wconf 44' lang='lat' dir='ltr'><strong>militarissslsid.</strong></span> <span class='ocrx_word' id='word_1_79' title='bbox 917 1513 973 1576; x_wconf 81' lang='lat' dir='ltr'><strong>tit.</strong></span> <span class='ocrx_word' id='word_1_80' title='bbox 992 1536 1021 1578; x_wconf 78' lang='lat' dir='ltr'><strong>a.</strong></span> 
     </span>
     <span class='ocr_line' id='line_1_13' title="bbox 286 1631 890 1690; baseline -0.003 -13"><span class='ocrx_word' id='word_1_81' title='bbox 286 1633 410 1688; x_wconf 68' lang='lat' dir='ltr'><strong>uuolton,</strong></span> <span class='ocrx_word' id='word_1_82' title='bbox 422 1644 489 1690; x_wconf 75' lang='lat' dir='ltr'><strong>opero</strong></span> <span class='ocrx_word' id='word_1_83' title='bbox 500 1631 616 1677; x_wconf 67' lang='lat' dir='ltr'><strong>mutante.</strong></span> <span class='ocrx_word' id='word_1_84' title='bbox 887 1651 890 1655; x_wconf 44' lang='lat'><strong>²</strong></span> 
     </span>
     <span class='ocr_line' id='line_1_14' title="bbox 228 1721 1298 1816; baseline -0.004 -27"><span class='ocrx_word' id='word_1_85' title='bbox 228 1749 302 1816; x_wconf 81' lang='lat'><strong><em>277.</em></strong></span> <span class='ocrx_word' id='word_1_86' title='bbox 328 1724 424 1790; x_wconf 84' lang='lat' dir='ltr'><strong>Unde</strong></span> <span class='ocrx_word' id='word_1_87' title='bbox 447 1745 531 1814; x_wconf 80' lang='lat' dir='ltr'><strong>pons</strong></span> <span class='ocrx_word' id='word_1_88' title='bbox 560 1723 596 1789; x_wconf 83' lang='lat' dir='ltr'><strong>in</strong></span> <span class='ocrx_word' id='word_1_89' title='bbox 625 1722 783 1814; x_wconf 90' lang='lat' dir='ltr'><strong>oppidum</strong></span> <span class='ocrx_word' id='word_1_90' title='bbox 805 1721 971 1814; x_wconf 70' lang='lat' dir='ltr'><strong>pertinent</strong></span> <span class='ocrx_word' id='word_1_91' title='bbox 995 1721 1184 1812; x_wconf 78' lang='lat' dir='ltr'><strong>explicatur.</strong></span> <span class='ocrx_word' id='word_1_92' title='bbox 1207 1727 1298 1788; x_wconf 76' lang='lat' dir='ltr'><strong>Aron</strong></span> 
     </span>
    </p>
   </div>
   <div class='ocr_carea' id='block_1_7' title="bbox 288 1832 505 1995">
    <p class='ocr_par' dir='ltr' id='par_1_9' title="bbox 288 1832 505 1995">
     <span class='ocr_line' id='line_1_15' title="bbox 298 1832 467 1899; baseline -0.018 0"><span class='ocrx_word' id='word_1_93' title='bbox 298 1837 394 1899; x_wconf 78' lang='lat' dir='ltr'><strong>Mers.</strong></span> <span class='ocrx_word' id='word_1_94' title='bbox 411 1832 467 1896; x_wconf 78' lang='lat' dir='ltr'><strong>bis.</strong></span> 
     </span>
     <span class='ocr_line' id='line_1_16' title="bbox 288 1937 505 1995; baseline 0 -11"><span class='ocrx_word' id='word_1_95' title='bbox 288 1939 346 1985; x_wconf 74' lang='lat' dir='ltr'><strong>vite</strong></span> <span class='ocrx_word' id='word_1_96' title='bbox 357 1941 437 1995; x_wconf 67' lang='grc' dir='ltr'><strong>ΐηςω.</strong></span> <span class='ocrx_word' id='word_1_97' title='bbox 451 1937 505 1984; x_wconf 76' lang='lat'><strong>26⁵.</strong></span> 
     </span>
    </p>
   </div>
   <div class='ocr_carea' id='block_1_8' title="bbox 231 2031 854 2194">
    <p class='ocr_par' dir='ltr' id='par_1_10' title="bbox 231 2031 854 2194">
     <span class='ocr_line' id='line_1_17' title="bbox 231 2031 854 2120; baseline 0 -23"><span class='ocrx_word' id='word_1_98' title='bbox 231 2032 305 2120; x_wconf 64' lang='lat'><strong>278⁴</strong></span> <span class='ocrx_word' id='word_1_99' title='bbox 331 2031 444 2094; x_wconf 83' lang='lat' dir='ltr'><strong>Muros</strong></span> <span class='ocrx_word' id='word_1_100' title='bbox 461 2044 665 2096; x_wconf 82' lang='lat' dir='ltr'><strong>successerat.</strong></span> <span class='ocrx_word' id='word_1_101' title='bbox 682 2032 785 2097; x_wconf 66' lang='lat' dir='ltr'><strong>Irlemi</strong></span> <span class='ocrx_word' id='word_1_102' title='bbox 851 2060 854 2065; x_wconf 93' lang='grc'><em>·</em></span> 
     </span>
     <span class='ocr_line' id='line_1_18' title="bbox 285 2136 674 2194; baseline 0.005 -13"><span class='ocrx_word' id='word_1_103' title='bbox 285 2138 344 2182; x_wconf 77' lang='lat' dir='ltr'><strong>otuu</strong></span> <span class='ocrx_word' id='word_1_104' title='bbox 353 2145 510 2194; x_wconf 71' lang='lat' dir='ltr'><strong>oppugnotom</strong></span> <span class='ocrx_word' id='word_1_105' title='bbox 520 2137 548 2179; x_wconf 80' lang='lat' dir='ltr'><strong>od</strong></span> <span class='ocrx_word' id='word_1_106' title='bbox 557 2136 674 2191; x_wconf 73' lang='lat' dir='ltr'><strong>cnycun.</strong></span> 
     </span>
    </p>
   </div>
   <div class='ocr_carea' id='block_1_9' title="bbox 228 2222 1304 2318">
    <p class='ocr_par' dir='ltr' id='par_1_11' title="bbox 228 2222 1304 2318">
     <span class='ocr_line' id='line_1_19' title="bbox 228 2222 1304 2318; baseline -0.003 -26"><span class='ocrx_word' id='word_1_107' title='bbox 228 2253 246 2291; x_wconf 80' lang='lat' dir='ltr'><strong>a</strong></span> <span class='ocrx_word' id='word_1_108' title='bbox 252 2253 304 2318; x_wconf 84' lang='lat'><strong>79.</strong></span> <span class='ocrx_word' id='word_1_109' title='bbox 330 2229 464 2292; x_wconf 86' lang='lat' dir='ltr'><strong>Actum</strong></span> <span class='ocrx_word' id='word_1_110' title='bbox 479 2227 631 2306; x_wconf 85' lang='lat' dir='ltr'><strong>maxime,</strong></span> <span class='ocrx_word' id='word_1_111' title='bbox 651 2240 688 2290; x_wconf 92' lang='lat' dir='ltr'><strong>ut</strong></span> <span class='ocrx_word' id='word_1_112' title='bbox 704 2227 784 2290; x_wconf 85' lang='lat' dir='ltr'><strong>solet</strong></span> <span class='ocrx_word' id='word_1_113' title='bbox 799 2226 947 2290; x_wconf 82' lang='lat' dir='ltr'><strong>extremis</strong></span> <span class='ocrx_word' id='word_1_114' title='bbox 963 2225 997 2290; x_wconf 90' lang='lat' dir='ltr'><strong>in</strong></span> <span class='ocrx_word' id='word_1_115' title='bbox 1013 2227 1122 2308; x_wconf 84' lang='lat' dir='ltr'><strong>rebus,</strong></span> <span class='ocrx_word' id='word_1_116' title='bbox 1139 2222 1200 2291; x_wconf 87' lang='lat' dir='ltr'><strong>sihi</strong></span> <span class='ocrx_word' id='word_1_117' title='bbox 1216 2222 1304 2314; x_wconf 85' lang='lat' dir='ltr'><strong>quis·</strong></span> 
     </span>
    </p>
   </div>
   <div class='ocr_carea' id='block_1_10' title="bbox 227 2331 1303 3057">
    <p class='ocr_par' dir='ltr' id='par_1_12' title="bbox 243 2331 1303 2617">
     <span class='ocr_line' id='line_1_20' title="bbox 243 2331 1303 2422; baseline -0.002 -24"><span class='ocrx_word' id='word_1_118' title='bbox 243 2338 247 2346; x_wconf 90' lang='lat'>&#39;</span> <span class='ocrx_word' id='word_1_119' title='bbox 296 2358 359 2422; x_wconf 87' lang='lat' dir='ltr'><strong>que</strong></span> <span class='ocrx_word' id='word_1_120' title='bbox 375 2332 575 2398; x_wconf 87' lang='lat' dir='ltr'><strong>carissimum</strong></span> <span class='ocrx_word' id='word_1_121' title='bbox 596 2332 684 2396; x_wconf 91' lang='lat' dir='ltr'><strong>domi</strong></span> <span class='ocrx_word' id='word_1_122' title='bbox 704 2331 866 2397; x_wconf 86' lang='lat' dir='ltr'><strong>reeordari</strong></span> <span class='ocrx_word' id='word_1_123' title='bbox 886 2333 1061 2421; x_wconf 83' lang='lat' dir='ltr'><strong>cunctique</strong></span> <span class='ocrx_word' id='word_1_124' title='bbox 1082 2332 1226 2398; x_wconf 88' lang='lat' dir='ltr'><strong>omnium</strong></span> <span class='ocrx_word' id='word_1_125' title='bbox 1253 2354 1303 2397; x_wconf 87' lang='lat' dir='ltr'><strong>or·</strong></span> 
     </span>
     <span class='ocr_line' id='line_1_21' title="bbox 296 2439 1071 2526; baseline -0.001 -21"><span class='ocrx_word' id='word_1_126' title='bbox 296 2441 411 2505; x_wconf 90' lang='lat' dir='ltr'><strong>dinum</strong></span> <span class='ocrx_word' id='word_1_127' title='bbox 426 2453 564 2504; x_wconf 80' lang='lat' dir='ltr'><strong>extrema</strong></span> <span class='ocrx_word' id='word_1_128' title='bbox 579 2439 690 2504; x_wconf 89' lang='lat' dir='ltr'><strong>munia</strong></span> <span class='ocrx_word' id='word_1_129' title='bbox 705 2439 806 2526; x_wconf 90' lang='lat' dir='ltr'><strong>sequi.</strong></span> <span class='ocrx_word' id='word_1_130' title='bbox 824 2443 904 2502; x_wconf 75' lang='lat' dir='ltr'><strong>Non.</strong></span> <span class='ocrx_word' id='word_1_131' title='bbox 923 2440 1071 2505; x_wconf 83' lang='lat' dir='ltr'><strong>Marcell.</strong></span> 
     </span>
     <span class='ocr_line' id='line_1_22' title="bbox 284 2558 920 2617; baseline -0.002 -12"><span class='ocrx_word' id='word_1_132' title='bbox 284 2560 441 2616; x_wconf 65' lang='lat' dir='ltr'><strong>mycenarum</strong></span> <span class='ocrx_word' id='word_1_133' title='bbox 451 2559 579 2617; x_wconf 75' lang='lat' dir='ltr'><strong>perieulum,</strong></span> <span class='ocrx_word' id='word_1_134' title='bbox 593 2569 617 2603; x_wconf 85' lang='lat' dir='ltr'><strong>et</strong></span> <span class='ocrx_word' id='word_1_135' title='bbox 625 2558 745 2616; x_wconf 72' lang='lat' dir='ltr'><strong>pertimet·</strong></span> <span class='ocrx_word' id='word_1_136' title='bbox 755 2558 780 2602; x_wconf 86' lang='lat' dir='ltr'><strong>in</strong></span> <span class='ocrx_word' id='word_1_137' title='bbox 792 2558 920 2604; x_wconf 71' lang='lat' dir='ltr'><strong>resutendo.</strong></span> 
     </span>
    </p>

    <p class='ocr_par' dir='ltr' id='par_1_13' title="bbox 227 2648 791 2825">
     <span class='ocr_line' id='line_1_23' title="bbox 227 2648 791 2716; baseline -0.005 0"><span class='ocrx_word' id='word_1_138' title='bbox 227 2651 304 2716; x_wconf 83' lang='lat'><strong>280.</strong></span> <span class='ocrx_word' id='word_1_139' title='bbox 330 2650 501 2715; x_wconf 89' lang='lat' dir='ltr'><strong>Maenibus</strong></span> <span class='ocrx_word' id='word_1_140' title='bbox 517 2648 675 2715; x_wconf 82' lang='lat' dir='ltr'><strong>deturbat</strong></span> <span class='ocrx_word' id='word_1_141' title='bbox 692 2650 791 2714; x_wconf 83' lang='lat' dir='ltr'><strong>Idem.</strong></span> 
     </span>
     <span class='ocr_line' id='line_1_24' title="bbox 285 2767 666 2825; baseline 0.005 -12"><span class='ocrx_word' id='word_1_142' title='bbox 285 2767 413 2825; x_wconf 68' lang='lat' dir='ltr'><strong>oppidanus</strong></span> <span class='ocrx_word' id='word_1_143' title='bbox 426 2770 543 2814; x_wconf 68' lang='lat' dir='ltr'><strong>obsessores</strong></span> <span class='ocrx_word' id='word_1_144' title='bbox 556 2769 666 2815; x_wconf 75' lang='lat' dir='ltr'><strong>deturbat.</strong></span> 
     </span>
    </p>

    <p class='ocr_par' dir='ltr' id='par_1_14' title="bbox 229 2859 1301 3057">
     <span class='ocr_line' id='line_1_25' title="bbox 229 2859 1301 2955; baseline 0.003 -30"><span class='ocrx_word' id='word_1_145' title='bbox 229 2862 304 2925; x_wconf 77' lang='lat'>281.</span> <span class='ocrx_word' id='word_1_146' title='bbox 330 2860 463 2924; x_wconf 86' lang='lat' dir='ltr'><strong>Murum</strong></span> <span class='ocrx_word' id='word_1_147' title='bbox 487 2861 526 2923; x_wconf 86' lang='lat' dir='ltr'><strong>ab</strong></span> <span class='ocrx_word' id='word_1_148' title='bbox 549 2859 667 2947; x_wconf 83' lang='lat' dir='ltr'><strong>angulo</strong></span> <span class='ocrx_word' id='word_1_149' title='bbox 696 2861 798 2926; x_wconf 87' lang='lat' dir='ltr'><strong>dextri</strong></span> <span class='ocrx_word' id='word_1_150' title='bbox 822 2863 930 2929; x_wconf 88' lang='lat' dir='ltr'><strong>lateris</strong></span> <span class='ocrx_word' id='word_1_151' title='bbox 953 2860 994 2929; x_wconf 89' lang='lat' dir='ltr'><strong>ad</strong></span> <span class='ocrx_word' id='word_1_152' title='bbox 1019 2865 1192 2955; x_wconf 83' lang='lat' dir='ltr'><strong>paludem,</strong></span> <span class='ocrx_word' id='word_1_153' title='bbox 1214 2863 1301 2931; x_wconf 90' lang='lat' dir='ltr'><strong>haud</strong></span> 
     </span>
     <span class='ocr_line' id='line_1_26' title="bbox 296 2965 1064 3057; baseline 0.008 -28"><span class='ocrx_word' id='word_1_154' title='bbox 296 2967 411 3057; x_wconf 86' lang='lat' dir='ltr'><strong>procul</strong></span> <span class='ocrx_word' id='word_1_155' title='bbox 426 2980 579 3030; x_wconf 87' lang='lat' dir='ltr'><strong>remotam</strong></span> <span class='ocrx_word' id='word_1_156' title='bbox 595 2965 693 3030; x_wconf 78' lang='lat' dir='ltr'><strong>duxit.</strong></span> <span class='ocrx_word' id='word_1_157' title='bbox 711 2972 796 3033; x_wconf 76' lang='lat' dir='ltr'><strong>Serv.</strong></span> <span class='ocrx_word' id='word_1_158' title='bbox 814 2974 944 3036; x_wconf 79' lang='lat' dir='ltr'><strong>Aeneid.</strong></span> <span class='ocrx_word' id='word_1_159' title='bbox 962 2973 1018 3036; x_wconf 82' lang='lat' dir='ltr'><strong>lib.</strong></span> <span class='ocrx_word' id='word_1_160' title='bbox 1039 2997 1064 3036; x_wconf 87' lang='lat'><strong>1.</strong></span> 
     </span>
    </p>
   </div>
   <div class='ocr_carea' id='block_1_11' title="bbox 283 3085 879 3146">
    <p class='ocr_par' dir='ltr' id='par_1_15' title="bbox 283 3085 879 3146">
     <span class='ocr_line' id='line_1_27' title="bbox 283 3085 879 3146; baseline 0.01 -14"><span class='ocrx_word' id='word_1_161' title='bbox 283 3088 408 3132; x_wconf 73' lang='lat' dir='ltr'><strong>Lisistratoo</strong></span> <span class='ocrx_word' id='word_1_162' title='bbox 418 3085 494 3142; x_wconf 68' lang='lat' dir='ltr'>cizyci</span> <span class='ocrx_word' id='word_1_163' title='bbox 504 3089 624 3144; x_wconf 74' lang='lat' dir='ltr'><strong>praelector</strong></span> <span class='ocrx_word' id='word_1_164' title='bbox 633 3101 691 3132; x_wconf 83' lang='lat' dir='ltr'><strong>nova</strong></span> <span class='ocrx_word' id='word_1_165' title='bbox 700 3087 766 3146; x_wconf 75' lang='lat' dir='ltr'><strong>opert</strong></span> <span class='ocrx_word' id='word_1_166' title='bbox 776 3103 818 3134; x_wconf 91' lang='lat' dir='ltr'><strong>ooo</strong></span> <span class='ocrx_word' id='word_1_167' title='bbox 824 3092 879 3138; x_wconf 82' lang='lat' dir='ltr'><strong>fioit.</strong></span> 
     </span>
    </p>
   </div>
   <div class='ocr_carea' id='block_1_12' title="bbox 227 3179 1301 3794">
    <p class='ocr_par' dir='ltr' id='par_1_16' title="bbox 230 3179 1074 3361">
     <span class='ocr_line' id='line_1_28' title="bbox 230 3179 1074 3251; baseline 0.002 -7"><span class='ocrx_word' id='word_1_168' title='bbox 230 3180 304 3244; x_wconf 69' lang='lat'><strong>282.</strong></span> <span class='ocrx_word' id='word_1_169' title='bbox 330 3179 372 3244; x_wconf 86' lang='lat' dir='ltr'><strong>Et</strong></span> <span class='ocrx_word' id='word_1_170' title='bbox 388 3201 484 3251; x_wconf 85' lang='lat' dir='ltr'><strong>onere</strong></span> <span class='ocrx_word' id='word_1_171' title='bbox 499 3180 638 3244; x_wconf 88' lang='lat' dir='ltr'><strong>turrium</strong></span> <span class='ocrx_word' id='word_1_172' title='bbox 652 3179 782 3246; x_wconf 87' lang='lat' dir='ltr'><strong>incertis</strong></span> <span class='ocrx_word' id='word_1_173' title='bbox 799 3183 943 3248; x_wconf 85' lang='lat' dir='ltr'><strong>navibus.</strong></span> <span class='ocrx_word' id='word_1_174' title='bbox 962 3181 1009 3246; x_wconf 85' lang='lat' dir='ltr'><strong>ld.</strong></span> <span class='ocrx_word' id='word_1_175' title='bbox 1027 3180 1074 3246; x_wconf 80' lang='lat' dir='ltr'><strong>lb.</strong></span> 
     </span>
     <span class='ocr_line' id='line_1_29' title="bbox 284 3297 997 3361; baseline 0.011 -19"><span class='ocrx_word' id='word_1_176' title='bbox 284 3297 354 3344; x_wconf 73' lang='lat' dir='ltr'><strong>Navoa</strong></span> <span class='ocrx_word' id='word_1_177' title='bbox 365 3299 500 3344; x_wconf 76' lang='lat' dir='ltr'><strong>Mithridatis</strong></span> <span class='ocrx_word' id='word_1_178' title='bbox 512 3309 637 3358; x_wconf 71' lang='lat' dir='ltr'><strong>tempestato</strong></span> <span class='ocrx_word' id='word_1_179' title='bbox 648 3315 742 3361; x_wconf 78' lang='lat' dir='ltr'><strong>mersae,</strong></span> <span class='ocrx_word' id='word_1_180' title='bbox 752 3306 776 3348; x_wconf 85' lang='lat' dir='ltr'><strong>in</strong></span> <span class='ocrx_word' id='word_1_181' title='bbox 786 3303 900 3348; x_wconf 72' lang='lat' dir='ltr'><strong>obsidione</strong></span> <span class='ocrx_word' id='word_1_182' title='bbox 911 3300 997 3358; x_wconf 72' lang='lat' dir='ltr'><strong>cuyct.</strong></span> 
     </span>
    </p>

    <p class='ocr_par' dir='ltr' id='par_1_17' title="bbox 227 3391 1076 3571">
     <span class='ocr_line' id='line_1_30' title="bbox 227 3391 1076 3481; baseline -0.005 -21"><span class='ocrx_word' id='word_1_183' title='bbox 227 3393 302 3460; x_wconf 80' lang='lat'><strong>283.</strong></span> <span class='ocrx_word' id='word_1_184' title='bbox 328 3391 549 3481; x_wconf 88' lang='lat' dir='ltr'><strong>Impediehant</strong></span> <span class='ocrx_word' id='word_1_185' title='bbox 565 3397 653 3478; x_wconf 86' lang='lat' dir='ltr'><strong>jussa</strong></span> <span class='ocrx_word' id='word_1_186' title='bbox 670 3410 849 3460; x_wconf 87' lang='lat' dir='ltr'><strong>nautarum.</strong></span> <span class='ocrx_word' id='word_1_187' title='bbox 867 3394 957 3458; x_wconf 74' lang='lat' dir='ltr'><strong>idem</strong></span> <span class='ocrx_word' id='word_1_188' title='bbox 974 3393 1030 3458; x_wconf 77' lang='lat' dir='ltr'><strong>tib.</strong></span> <span class='ocrx_word' id='word_1_189' title='bbox 1048 3393 1076 3457; x_wconf 84' lang='lat'><strong>3.</strong></span> 
     </span>
     <span class='ocr_line' id='line_1_31' title="bbox 282 3509 761 3571; baseline 0.008 -16"><span class='ocrx_word' id='word_1_190' title='bbox 282 3509 337 3555; x_wconf 78' lang='lat' dir='ltr'><strong>cnm</strong></span> <span class='ocrx_word' id='word_1_191' title='bbox 348 3513 443 3569; x_wconf 77' lang='lat' dir='ltr'><strong>protollo</strong></span> <span class='ocrx_word' id='word_1_192' title='bbox 455 3526 521 3560; x_wconf 78' lang='lat' dir='ltr'><strong>navet</strong></span> <span class='ocrx_word' id='word_1_193' title='bbox 531 3514 630 3560; x_wconf 79' lang='lat' dir='ltr'><strong>Ponticos</strong></span> <span class='ocrx_word' id='word_1_194' title='bbox 642 3521 761 3571; x_wconf 78' lang='lat' dir='ltr'><strong>mergeret.</strong></span> 
     </span>
    </p>

    <p class='ocr_par' dir='ltr' id='par_1_18' title="bbox 228 3601 1301 3794">
     <span class='ocr_line' id='line_1_32' title="bbox 228 3601 1301 3695; baseline 0.004 -30"><span class='ocrx_word' id='word_1_195' title='bbox 228 3601 303 3680; x_wconf 65' lang='lat'><strong>284.</strong></span> <span class='ocrx_word' id='word_1_196' title='bbox 329 3604 412 3668; x_wconf 88' lang='lat' dir='ltr'><strong>Nam</strong></span> <span class='ocrx_word' id='word_1_197' title='bbox 428 3605 484 3694; x_wconf 91' lang='lat' dir='ltr'><strong>qui</strong></span> <span class='ocrx_word' id='word_1_198' title='bbox 501 3630 595 3672; x_wconf 88' lang='lat' dir='ltr'><strong>enare</strong></span> <span class='ocrx_word' id='word_1_199' title='bbox 612 3608 713 3673; x_wconf 85' lang='lat' dir='ltr'><strong>eoacti</strong></span> <span class='ocrx_word' id='word_1_200' title='bbox 736 3605 881 3686; x_wconf 87' lang='lat' dir='ltr'><strong>fuerant,</strong></span> <span class='ocrx_word' id='word_1_201' title='bbox 903 3604 959 3670; x_wconf 90' lang='lat' dir='ltr'><strong>ieti</strong></span> <span class='ocrx_word' id='word_1_202' title='bbox 982 3628 1077 3695; x_wconf 81' lang='lat' dir='ltr'><strong>saepe</strong></span> <span class='ocrx_word' id='word_1_203' title='bbox 1099 3602 1301 3672; x_wconf 79' lang='lat' dir='ltr'><strong>ferramentis</strong></span> 
     </span>
     <span class='ocr_line' id='line_1_33' title="bbox 293 3710 1299 3794; baseline 0 -20"><span class='ocrx_word' id='word_1_204' title='bbox 293 3713 440 3794; x_wconf 86' lang='lat' dir='ltr'><strong>navium,</strong></span> <span class='ocrx_word' id='word_1_205' title='bbox 457 3729 513 3779; x_wconf 90' lang='lat' dir='ltr'><strong>aut</strong></span> <span class='ocrx_word' id='word_1_206' title='bbox 527 3715 686 3782; x_wconf 85' lang='lat' dir='ltr'><strong>vulnerati</strong></span> <span class='ocrx_word' id='word_1_207' title='bbox 702 3738 720 3777; x_wconf 86' lang='lat' dir='ltr'><strong>a</strong></span> <span class='ocrx_word' id='word_1_208' title='bbox 736 3713 814 3794; x_wconf 91' lang='lat' dir='ltr'><strong>suis,</strong></span> <span class='ocrx_word' id='word_1_209' title='bbox 830 3727 886 3778; x_wconf 89' lang='lat' dir='ltr'><strong>aut</strong></span> <span class='ocrx_word' id='word_1_210' title='bbox 901 3712 1013 3778; x_wconf 82' lang='lat' dir='ltr'><strong>afflicti</strong></span> <span class='ocrx_word' id='word_1_211' title='bbox 1029 3714 1118 3780; x_wconf 83' lang='lat' dir='ltr'><strong>alveo</strong></span> <span class='ocrx_word' id='word_1_212' title='bbox 1136 3710 1299 3775; x_wconf 89' lang='lat' dir='ltr'><strong>undarum</strong></span> 
     </span>
    </p>
   </div>
   <div class='ocr_carea' id='block_1_13' title="bbox 293 3817 1299 3913">
    <p class='ocr_par' dir='ltr' id='par_1_19' title="bbox 293 3817 1299 3913">
     <span class='ocr_line' id='line_1_34' title="bbox 293 3817 1299 3913; baseline -0.002 -28"><span class='ocrx_word' id='word_1_213' title='bbox 293 3817 337 3898; x_wconf 80' lang='lat' dir='ltr'><strong>vi,</strong></span> <span class='ocrx_word' id='word_1_214' title='bbox 353 3821 487 3895; x_wconf 84' lang='lat' dir='ltr'><strong>multato</strong></span> <span class='ocrx_word' id='word_1_215' title='bbox 502 3821 591 3889; x_wconf 82' lang='lat' dir='ltr'><strong>faede</strong></span> <span class='ocrx_word' id='word_1_216' title='bbox 608 3844 740 3913; x_wconf 86' lang='lat' dir='ltr'><strong>corpore</strong></span> <span class='ocrx_word' id='word_1_217' title='bbox 755 3835 916 3913; x_wconf 87' lang='lat' dir='ltr'><strong>postremo</strong></span> <span class='ocrx_word' id='word_1_218' title='bbox 932 3836 1038 3890; x_wconf 86' lang='lat' dir='ltr'><strong>tamen</strong></span> <span class='ocrx_word' id='word_1_219' title='bbox 1054 3818 1188 3910; x_wconf 86' lang='lat' dir='ltr'><strong>periere.</strong></span> <span class='ocrx_word' id='word_1_220' title='bbox 1207 3823 1299 3883; x_wconf 77' lang='lat' dir='ltr'><strong>Amr.</strong></span> 
     </span>
    </p>
   </div>
   <div class='ocr_carea' id='block_1_14' title="bbox 290 3931 391 4078">
    <p class='ocr_par' dir='ltr' id='par_1_20' title="bbox 290 3931 391 4078">
     <span class='ocr_line' id='line_1_35' title="bbox 296 3931 391 3992; baseline 0.053 -4"><span class='ocrx_word' id='word_1_221' title='bbox 296 3931 391 3992; x_wconf 80' lang='lat' dir='ltr'><strong>Meas.</strong></span> 
     </span>
     <span class='ocr_line' id='line_1_36' title="bbox 290 4030 349 4078; baseline 0.017 -2"><span class='ocrx_word' id='word_1_222' title='bbox 290 4030 349 4078; x_wconf 74' lang='lat' dir='ltr'><strong>ibid.</strong></span> 
     </span>
    </p>
   </div>
   <div class='ocr_carea' id='block_1_15' title="bbox 0 0 1448 4748">
    <p class='ocr_par' dir='ltr' id='par_1_21' title="bbox 0 0 1448 4748">
     <span class='ocr_line' id='line_1_37' title="bbox 0 0 1448 4748; baseline 0 2"><span class='ocrx_word' id='word_1_223' title='bbox 0 0 1448 4748; x_wconf 95' lang='lat' dir='ltr'><strong> </strong></span> 
     </span>
    </p>
   </div>
  </div>
 </body>
</html>
