2888 4748
514 316 577 388 ΑΙ]
605 325 640 388 C.
667 320 911 387 CAESAREM
1193 315 1256 385 283

151 523 153 527 -
197 494 279 562 „gnae
294 469 382 539 navis
399 494 594 561 supervacua
609 495 800 536 oneraesse:
816 470 873 535 ubi
889 465 968 534 salvi
984 488 1168 558 pervenere,
1183 467 1260 532 usui

182 639 186 644 .
201 595 293 644 sunt:
309 579 429 668 siquid
445 577 567 644 adversi
589 592 731 643 coortum
756 592 820 659 est,
845 574 883 642 de
899 576 962 640 illis
985 575 1198 665 potissumum
1215 577 1260 658 ja-

184 702 291 758 ¹ctura
310 685 365 766 fit,
388 687 462 775 quia
484 683 579 774 pretii
602 685 737 749 minumi
761 699 842 750 sunt.
866 684 961 751 Nune
985 674 1156 772 quoniam,-
1178 683 1262 746 sicut

181 793 280 858 ‚mihi
300 794 426 872 videor,
453 791 492 856 de
513 791 604 880 plebe
625 792 806 860 renovanda
835 789 1082 879 corrigendaque
1105 787 1261 854 disserui:

183 950 186 955 ⁴
201 899 247 963 de·
256 915 387 979 senatu,
402 922 483 986 quae
498 898 557 962 tibi
572 899 692 987 agenda
706 898 866 978 videntur,
881 898 992 962 dicam.
1011 897 1187 984 Postquam
1202 895 1263 958 mi,

202 1004 237 1068 hi
260 1020 344 1071 aetas
366 1005 599 1095 ingeniumque,
612 1005 774 1086 adolevit,
803 1003 889 1068 haud
919 1003 1017 1070 ferme
1047 1003 1142 1067 armis
1164 1008 1260 1089 atque

183 1113 296 1199 ,equis
311 1135 428 1200 eorpus
444 1112 581 1219 excrepi,
597 1113 652 1177 sed
667 1111 808 1176 animum
828 1111 862 1174 in
884 1110 997 1176 litteris
1020 1109 1155 1198 agitavi3
1176 1107 1264 1196 quod

203 1233 317 1282 natura
331 1217 456 1283 firmius
470 1219 600 1300 erat,·id
614 1219 648 1282 in
663 1219 825 1282 laboribus
840 1217 948 1285 habui,
970 1215 1076 1305 Atque
1096 1239 1153 1305 ego
1176 1215 1210 1278 in
1226 1237 1264 1279 ea

203 1326 268 1392 vita
278 1324 377 1390 multa
392 1324 524 1412 legendo
540 1339 635 1413 atque
649 1325 805 1389 audiendo
821 1325 866 1388 ita
882 1324 1033 1413 comperi,
1043 1323 1147 1387 omnia
1156 1345 1264 1410 regna,

202 1431 365 1512 civitates,
381 1431 524 1499 nationes
540 1455 641 1519 usque
658 1455 694 1496 eo
710 1454 898 1520 prosperum
914 1430 1083 1520 imperium
1099 1429 1265 1508 habuisse,

203 1540 280 1605 dum
296 1539 381 1629 apud
397 1561 450 1603 eos
472 1561 546 1605 vera
568 1539 702 1603 consilia
723 1539 911 1606 valuerunt:
934 1538 1128 1625 ubicumque
1148 1535 1266 1624 gratia,

202 1647 315 1726 timor,
334 1646 488 1735 voluptas
501 1668 538 1710 ea
553 1669 742 1735 corrupere;
761 1661 834 1735 post
848 1645 958 1735 paullo
979 1644 1155 1709 inminutae
1170 1666 1265 1732 opes,

184 1753 318 1821 .deinde
333 1752 493 1817 ademtam
508 1753 694 1840 imperium,
714 1767 873 1842 postremo
895 1753 1031 1818 servitus
1050 1750 1188 1840 inposita
1202 1763 1263 1815 est.

186 1902 190 1911 ·
247 1859 326 1924 XII.
339 1859 508 1946 Equidem
523 1881 579 1946 ego
596 1859 642 1922 sic
658 1859 744 1946 apud
766 1859 907 1922 animum
928 1881 1035 1921 meum
1058 1872 1179 1933 statu03
1195 1856 1262 1928 eui·

114 2022 120 2029 .,
202 1967 389 2054 cumquein
406 1988 462 2028 sua
486 1964 612 2030 civitate
633 1965 767 2052 amplior
787 1965 1015 2052 inlustriorque
1037 1965 1146 2043 loeus,
1168 1984 1265 2050 quam

203 2074 275 2138 aliis
291 2085 358 2151 est,
371 2071 561 2170 eimagnam
581 2095 689 2136 curam
713 2095 780 2136 esse
796 2072 1012 2161 Reipublicae.
1030 2071 1112 2134 Nam
1134 2061 1266 2159 ceteris,

204 2179 290 2245 salva
307 2179 402 2257 urbe,
417 2178 636 2243 tantummodo
652 2178 780 2243 libertas
796 2193 864 2244 tuta
879 2193 945 2243 est:
967 2178 1022 2266 qui
1037 2200 1095 2266 per
1115 2176 1267 2243 virtutem

203 2286 265 2384 sibi
281 2284 426 2364 divitias,
441 2285 557 2366 decus,
577 2273 731 2350 honorem
752 2299 964 2375 pepereruut3
982 2285 1039 2348 ubi
1057 2283 1202 2373 paullum
1218 2283 1264 2345 in·

204 2391 321 2458 clinata
337 2391 529 2481 Respublica
546 2393 657 2480 agitari
673 2393 788 2481 eoepit,
804 2378 1022 2479 multipliciter
1038 2388 1267 2454 animuseurie

204 2512 299 2586 atque
314 2498 476 2562 laboribus
492 2481 658 2587 fatigatur}
677 2512 732 2563 aut
746 2497 900 2586 gloriam,
920 2511 974 2561 aut
993 2497 1187 2574 libertatem,
1210 2508 1266 2557 aut

205 2626 271 2667 rem
293 2599 480 2668 familiarem
508 2604 674 2684 defensat3
707 2605 855 2670 omnibus
882 2605 961 2668 locis
990 2603 1092 2682 adest,
1120 2599 1266 2665 festinat:

188 2725 324 2798 quanto
340 2710 373 2773 in
390 2711 536 2776 secundis
557 2712 651 2777 rebus
673 2711 835 2776 florentior
858 2711 937 2796 fuit,
959 2724 1046 2775 tanto
1070 2710 1104 2772 in
1126 2706 1267 2774 adversis

102 2818 105 2826 '
204 2818 349 2905 asperius
369 2818 533 2905 magisque
548 2820 643 2882 anxie
665 2818 768 2907 agitat
793 2818 895 2907 Igitur
918 2818 973 2885 ubi
994 2817 1102 2907 plebes
1123 2813 1267 2894 senatui,

205 2923 300 2988 sicuti
324 2946 440 3012 eorpus
460 2924 586 3006 animo,
609 2925 715 2990 obedit
744 2928 877 3014 ejusque
900 2925 1043 2990 consulta
1065 2920 1268 3011 exsequitur3

204 3044 309 3119 patres
326 3029 459 3096 consilio
474 3031 578 3097 valere
593 3031 701 3098 decet:
722 3033 844 3125 populo
866 3052 1099 3122 supervacanea
1115 3042 1163 3092 est
1177 3026 1266 3090 calli·

205 3135 295 3201 ditas.
312 3137 424 3226 Itaque
439 3142 574 3224 majores
589 3141 707 3220 nostri,
731 3162 805 3204 cum
826 3139 917 3229 bellis
930 3136 1122 3227 asperrimis
1142 3154 1265 3224 preme-

204 3255 330 3321 rentur,
346 3243 454 3330 equis,
469 3246 563 3324 viris,
579 3247 717 3332 pecunia
732 3247 863 3323 amissa,
878 3267 1044 3333 nunquam
1059 3242 1175 3307 defessi
1191 3253 1269 3305 sunt

204 3348 316 3411 armati
331 3347 371 3411 de
385 3349 517 3438 imperio
535 3365 662 3416 certare.
680 3351 751 3414 Non
774 3351 883 3440 inopia
904 3351 1038 3430 aerarii,
1057 3372 1121 3413 non
1145 3349 1193 3414 vis
1208 3347 1266 3409 ho·

205 3453 319 3536 stium,
335 3477 399 3519 non
422 3455 553 3522 adversa
574 3480 623 3521 res
645 3458 804 3544 ingentem
827 3481 937 3523 eorum
959 3459 1101 3522 animum
1124 3453 1268 3542 subegit,

206 3561 305 3649 quin,
322 3584 403 3650 quae
417 3561 534 3627 virtute
558 3578 725 3653 ceperant,
747 3565 842 3629 simul
863 3588 937 3630 cum
959 3564 1064 3627 anima
1084 3561 1268 3626 retinerent

207 3666 313 3756 Atque
329 3692 365 3733 ea
381 3669 479 3758 magis
495 3668 629 3736 fortibus
645 3671 786 3736 consiliis
796 3654 921 3760 ,quam
941 3669 1039 3734 bonis
1057 3667 1188 3759 proeliis
1211 3688 1269 3755 pa·
1342 3728 1346 3743 ,

195 3787 289 3838 ¹trata
305 3773 386 3840 sunt.
405 3777 533 3867 Quippe
549 3777 634 3867 apud
649 3764 721 3843 illos
736 3772 1004 3867 unaRespriblica
1018 3791 1096 3856 erat,
1112 3775 1142 3839 ei
1158 3794 1268 3839 omnes

156 3954 159 3959 ,
207 3882 434 3961 consulebant3
449 3884 545 3949 factio
561 3899 670 3949 eontra
691 3885 797 3950 hostes
819 3885 1008 3973 parabatur:
1032 3905 1148 3973 corpus
1170 3895 1269 3968 atque

209 3985 373 4075 ingenium
387 3992 521 4080 patriae,
537 4016 600 4062 non
617 4015 693 4060 suae
709 3992 844 4083 quisque
860 3991 1020 4086 potentiae
1035 3988 1234 4058 exercitabat.
