2888 4748
230 370 250 435 s
461 318 464 326 ’
571 357 609 424 c.
633 356 670 423 o.
697 353 944 428 sanuusru

230 515 273 583 ob
296 534 364 583 rens
386 511 528 608 populus
544 511 686 603 primum
700 512 918 594 miseratione,
935 529 1010 579 mox
1033 507 1143 577 lurore
1167 533 1308 583 commo-

227 654 300 722 tut,
331 653 458 730 raptum
481 660 500 704 e
522 636 635 704 rostris
658 635 814 719 cadaver,
837 651 934 727 atque
957 636 991 701 in
1016 636 1140 702 curiam
1162 637 1308 708 delatum

139 838 142 843 ,
225 787 267 833 cx
287 763 458 845 subselliis,
474 760 565 829 libris
590 760 787 850 caeterisque
810 759 852 826 ad
875 759 1129 828 comburendum
1153 762 1236 853 aptis
1260 763 1310 831 ibi
1354 834 1357 840 ,

228 900 315 957 strue
337 885 440 969 facta,
462 885 650 977 impositum
673 874 917 965 cremaverunt{
941 883 1058 975 quibus
1088 883 1226 953 flammis
1251 911 1308 955 cu·

225 1010 275 1080 ris
297 1024 330 1079 et
351 1009 496 1101 proxima
524 1008 620 1076 ctiam
645 1007 779 1075 basilica
811 1007 927 1075 Porcia
960 1009 1128 1099 absumpta
1157 1025 1212 1076 est
1243 1011 1307 1078 Ne·

227 1155 292 1228 que
314 1158 352 1203 eo
375 1132 526 1226 populari
548 1133 657 1200 furore
680 1131 905 1200 exterrefactus
921 1131 1022 1215 Milo,
1044 1155 1158 1202 verum
1182 1134 1307 1226 etipse

226 1259 316 1326 ferox
334 1272 430 1348 atque
446 1257 649 1349 impavidus,
669 1256 794 1324 licet'se
809 1255 921 1349 quaeri
945 1272 1169 1347 cognosceret,
1192 1258 1307 1350 paucis

194 1408 199 1415 ·
226 1397 301 1474 post
329 1383 442 1450 diebus
474 1382 508 1446 in
541 1381 648 1448 forum
678 1380 800 1463 venit,
836 1379 947 1447 multis
979 1382 1115 1472 stipatus
1148 1383 1309 1469 armatis,

172 1472 181 1492 ο
226 1520 265 1575 ut
288 1530 322 1574 se
345 1531 379 1572 se
402 1506 441 1571 de
467 1504 575 1570 Clodii
595 1528 674 1571 nece
699 1519 866 1571 excusaret
887 1518 920 1571 et
942 1506 1146 1572 consulatum
1173 1520 1304 1598 peteret

228 1629 366 1720 Jamque
396 1604 537 1695 exterriti
560 1627 706 1719 plerique
729 1628 771 1694 ad
794 1649 868 1695 eum
891 1627 1107 1712 inclinabant,
1129 1652 1205 1696 cum
1228 1629 1307 1696 ami·

228 1776 341 1823 corum
372 1775 470 1820 manu
495 1766 690 1818 armatorum
713 1752 837 1843 etipse
860 1752 1030 1821 comitatus
1056 1753 1230 1820 Sallustius
1255 1777 1308 1820 su·

229 1877 382 1969 pervenit.
416 1878 570 1943 Protinus
601 1876 685 1944 acris
715 1876 869 1968 utrinque
901 1892 1010 1945 coorta
1041 1876 1206 1943 dimicatio
1236 1889 1309 1959 cst,

228 2022 343 2092 resque
372 2001 496 2071 viribus
525 2001 644 2075 minori
676 2001 830 2071 Sallustio
854 2001 942 2067 haud
965 1999 1064 2065 dubio
1088 2001 1171 2066 male
1195 1999 1308 2067 cessis·
1408 1987 1412 1991 ’

229 2137 296 2207 set,
319 2124 382 2191 nisi
401 2125 492 2217 plebs
508 2125 638 2194 tribuno
654 2149 713 2191 suo
729 2123 888 2191 laboranti
910 2136 1038 2215 praesto
1062 2123 1225 2191 adbrisset.
1244 2124 1311 2190 Ita·
1384 2186 1391 2195 ,

229 2270 293 2339 que
315 2249 438 2341 impetu
461 2248 496 2314 in
520 2218 677 2315 Milonem
705 2251 840 2339 ejusque
869 2247 1019 2315 satellites
1047 2247 1159 2329 facto,
1188 2249 1333 2340 partim.

228 2371 335 2454 coesi,
358 2370 477 2463 partim
499 2371 647 2464 dissipati
666 2386 750 2438 sunt.
770 2372 852 2439 Milo
874 2371 982 2440 servili
997 2372 1131 2441 indutus
1144 2385 1232 2438 veste
1248 2393 1307 2461 per

227 2496 366 2562 mediam
381 2498 509 2562 turbam
525 2492 823 2566 evasit'Tumultus
842 2496 882 2563 ad
896 2498 1007 2589 plures
1023 2495 1090 2562 dies
1105 2516 1221 2585 magna
1236 2516 1307 2560 coe·

228 2617 269 2684 de
292 2630 324 2683 et
346 2617 579 2708 direptionibus
603 2619 823 2686 crudelissime
847 2619 960 2687 saeviit
978 2625 996 2687 ¹.
1022 2620 1131 2703 Quare
1158 2616 1308 2710 perterri-

228 2748 282 2807 tus
305 2754 433 2805 senatus
456 2755 577 2808 atratus
600 2742 776 2821 convenit3
799 2767 838 2810 ex
860 2742 956 2809 ltalia
979 2755 1046 2809 tota
1068 2732 1188 2809 milites
1211 2741 1308 2808 adro·

229 2861 441 2952 cavit3atque,
457 2879 494 2930 ut
509 2865 664 2931 tot-malis
681 2864 814 2932 modum
831 2882 976 2959 poneret,
995 2865 1186 2957 Pompeium
1203 2864 1308 2930 solum

229 2985 396 3064 consulem
419 3009 527 3053 creare
551 3003 680 3055 coactus
697 3005 763 3072 est,
786 3015 852 3057 non
867 2991 1075 3058 dissentientc
1093 2992 1234 3071 Catone,
1251 2989 1310 3080 qui

230 3131 415 3198 supremum
438 3109 536 3178 unius
559 3111 731 3204 imperium
753 3114 958 3182 turbulentae
973 3115 1183 3182 factiosorum
1205 3111 1309 3179 homi·

230 3251 309 3295 num
341 3232 552 3301 dominationi
580 3240 729 3305 censebat
758 3263 829 3307 esse
856 3238 1106 3307 anteferendum.
1131 3239 1309 3329 Pompeius

229 3352 339 3443 itaque
363 3380 486 3423 summa
507 3360 632 3451 pollens
650 3363 840 3431 auctoritate
857 3364 1062 3430 Milonemin
1079 3362 1311 3448 judiciumve.
1339 3429 1341 3435 ,

229 3477 332 3556 cavit3
355 3503 450 3568 quem
476 3482 606 3566 Cicero,
630 3500 738 3575 gratus
763 3510 837 3578 erga
862 3488 955 3555 illum
978 3488 1118 3569 amicus,
1137 3486 1311 3552 defenden-

228 3598 307 3668 dum
331 3605 479 3694 suscepit.
500 3608 597 3691 Quod
619 3608 751 3698 indigne
774 3611 879 3678 ferens
898 3613 1090 3695 Sallustius,
1106 3611 1156 3676 ira
1180 3611 1214 3675 in
1239 3633 1309 3676 ora·

229 3734 331 3791 torem
346 3748 517 3811 conversa,
537 3754 611 3797 enm
626 3733 830 3801 acerbissime
847 3736 1021 3804 insectatus
1035 3750 1101 3818 est,
1120 3735 1175 3802 cui
1194 3735 1309 3799 Gicero

230 3865 295 3910 uon
322 3846 439 3938 impari
468 3851 501 3917 vi
533 3867 564 3918 et
592 3855 776 3945 eloquentia
799 3861 1023 3950 respondebat.
1050 3861 1135 3926 Hinc
1159 3853 1309 3949 quisquis

251 4052 262 4088 ι
286 4033 338 4091 His
364 4039 457 4097 turbis
482 4042 570 4100 finem
595 4045 661 4104 fecit
680 4047 740 4105 dics
786 4050 896 4130 collega
916 4052 1017 4112 consul
1035 4052 1191 4130 Pompeius
1216 4049 1309 4116 sactus

228 4108 291 4179 XV,
314 4111 432 4174 Kalend.
459 4119 652 4216 Martii,‹quo
681 4125 739 4182 sine
786 4141 836 4203 cst.¹
1114 4136 1117 4141 ’
