2888 4748
394 363 615 433 nanuum
639 353 896 432 vuneouuu
1113 354 1182 456 299⁴

115 700 222 758 Caesar
241 698 274 757 C.
294 697 319 754 J.
340 695 468 775 pontifex
486 696 561 752 Max.
583 691 689 753 Catulo
708 693 832 773 repulso.
854 693 900 753 51.
923 711 946 752 a.
965 695 996 753 6

114 794 231 867 —ejus
251 790 341 846 oratio
362 801 389 845 et
408 788 545 845 sententia
566 787 601 844 de
621 787 784 860 conjuratis
805 785 831 846 5.
857 807 879 846 1.

114 915 152 926 -
171 884 233 957 ejus
252 893 372 948 natura,
391 897 485 935 mores
504 891 532 934 et
553 879 728 954 comparatio
748 898 814 934 cum
834 877 953 935 Catone.
973 879 1017 935 61.
1041 894 1084 934 ar.

116 972 221 1028 Caesar
239 973 269 1026 L.
291 968 397 1027 consul.
419 968 462 1040 ι4.
487 968 527 1040 ι4.
554 969 557 973 ”
604 985 608 992 ·
667 984 671 992 ·

115 1054 292 1138 Calpurnius
312 1060 412 1116 consul
431 1060 534 1116 acriter
552 1059 718 1117 Numidiam
735 1059 853 1120 invadit.
874 1058 920 1136 94.
940 1058 966 1117 3

116 1152 211 1230 Capsa
232 1152 269 1207 ab
290 1151 412 1208 Hercule
433 1151 554 1208 condita.
580 1152 638 1229 147.
664 1151 704 1208 13.

115 1274 154 1287 -
173 1256 354 1318 expugnatur
374 1264 390 1298 a
409 1243 500 1298 lllario
520 1254 548 1299 et
566 1243 736 1300 incenditur
762 1242 821 1319 ι49.
847 1262 888 1305 ιο.
955 1258 958 1266 ·

119 1333 232 1417 Capua.
252 1332 296 1410 37.
319 1353 344 1390 a.
368 1355 390 1392 1.
574 1374 576 1377 .
645 1370 648 1381 ·

118 1408 245 1479 Carbo
238 1441 317 1497 jussu
337 1424 467 1500 Pompeii
485 1423 658 1482 interfectus
680 1430 743 1501 289
765 1423 816 1484 23.
829 1423 856 1498 4.

118 1512 263 1589 Carthago
282 1513 420 1570 aemula
412 1535 480 1591 imp.
501 1516 623 1572 Romani
644 1536 688 1572 ao.
713 1537 735 1572 1.

116 1602 264 1660 ——deleta
285 1604 454 1661 discordiam
474 1606 581 1667 Rornae
600 1608 720 1683 peperit.
745 1607 803 1707 106.
826 1625 851 1666 a
876 1627 898 1664 1.

118 1694 233 1752 Cassius
252 1695 397 1772 Longinus
418 1699 592 1772 conjuratus.
614 1700 657 1756 ιδ.
682 1720 704 1754 ι
724 1715 752 1757 2

118 1785 283 1844 CassiusL.
304 1800 420 1862 praetor
440 1784 477 1840 ad
495 1787 670 1862 Jugurtham
687 1788 817 1887 mittitur.
837 1808 883 1866 99
904 1808 933 1867 7.
950 1787 977 1849 ἃ

118 1876 242 1934 Catilina
261 1877 342 1953 Reip
363 1876 520 1934 insidiatur
544 1876 651 1936 1613.

118 2000 156 2011 -
175 1969 236 2041 ejus
254 1985 348 2023 mores
368 1979 395 2024 et
414 1967 567 2043 ingenium
589 1967 693 2025 1613.

117 2090 156 2102 -
174 2056 399 2134 repetundarum
417 2077 484 2114 reus
502 2057 667 2136 prohibitus
681 2070 780 2136 petere
799 2058 988 2119 consulatum.
1007 2079 1100 2140 aps.

119 2180 158 2193 -
176 2150 237 2224 ejus
257 2149 347 2205 oratio
367 2149 403 2204 ad
422 2151 625 2226 conjurationis
645 2134 912 2228 conscios.ai.19.

118 2239 205 2295 -in
223 2239 366 2297 Manliana
385 2255 477 2298 castra
496 2253 583 2299 noctu
601 2242 802 2320 proficiscitur.
823 2242 868 2321 39
889 2247 916 2310 8

118 2361 156 2374 -
175 2332 236 2405 ejus
254 2329 364 2388 litterae
384 2330 421 2388 ad
440 2332 474 2402 Q.
496 2333 640 2391 Catulum.
661 2332 706 2405 4ο.
729 2333 773 2406 94.

118 2454 157 2468 -
175 2421 272 2496 sugam
290 2421 321 2477 in
341 2422 463 2479 Galliam
483 2437 573 2502 parat.
594 2423 639 2481 63.
661 2425 705 2497 ι4.

74 2518 81 2535 ’
118 2544 156 2558 -
175 2515 236 2588 ejus
255 2513 343 2571 verba
363 2513 400 2571 ad
419 2513 528 2573 milites.
549 2515 593 2587 64.
614 2535 658 2591 9..

118 2634 156 2648 -
175 2615 290 2661 strenue
308 2624 442 2682 pugnans
463 2605 608 2663 occiditur.
628 2607 674 2685 67.
694 2607 724 2664 6.
747 2602 771 2665 i.

119 2694 194 2750 Cato
212 2695 250 2753 tt.
271 2695 396 2752 Porcius
417 2695 462 2774 57.
484 2701 509 2754 8,
530 2695 556 2753 5.

118 2816 157 2830 -
175 2787 236 2861 ejus
255 2784 291 2842 de
311 2788 465 2863 conjuratis
484 2788 583 2844 oratio.
604 2786 649 2866 67.
674 2808 714 2846 ro
804 2784 809 2789 ’
905 2806 910 2813 ’

118 2908 157 2921 -
175 2889 277 2932 natura
298 2890 325 2932 et
345 2899 438 2934 mores
455 2878 590 2954 ejusdem.
611 2881 657 2937 62.
677 2880 703 2952 4.

119 2966 242 3024 Catulus
261 2966 369 3025 litteras
389 2969 530 3028 Catilinae
550 2973 580 3029 in
600 2985 700 3028 senatu
718 2971 827 3033 recitat.
847 2971 892 3046 4ο.
913 2972 957 3046 24.

119 3091 157 3102 -
176 3060 236 3134 ejus
256 3070 284 3115 et
305 3060 435 3118 Caesaris
454 3060 607 3120 inimicitia.
630 3062 673 3122 50.
696 3062 739 3136 24.
761 3063 787 3134 4.
858 3106 861 3111 -

120 3148 278 3225 Caeparius
298 3155 463 3226 conjuratus
482 3155 512 3211 in
532 3155 667 3233 Apuliam
685 3154 831 3233 proficisci
849 3162 939 3234 perat
960 3152 1005 3228 48.
1026 3151 1051 3212 5.

75 3312 78 3323 .
120 3238 265 3315 Cethegus
284 3241 317 3300 C.
339 3263 373 3300 ex
393 3247 549 3319 conjuratis
568 3247 631 3302 Cat.
653 3248 697 3302 26.
724 3268 745 3306 t.

120 3360 158 3373 -
177 3331 203 3386 ei
222 3332 370 3407 negotium
388 3333 490 3403 datur,
511 3348 544 3391 ut
564 3336 711 3394 Ciceronis
733 3341 849 3412 januam
869 3336 1004 3397 obsideat.
1024 3337 1069 3411 46.
1095 3355 1152 3414 tp.-

119 3422 205 3477 -in
225 3443 358 3493 carcere,
377 3424 443 3501 gula
463 3427 571 3498 fracta,
589 3441 717 3486 necatur.
738 3430 782 3487 62.
805 3428 847 3501 24.

121 3512 295 3570 Chalcedon.
317 3534 378 3592 217.
401 3536 444 3581 20

122 3603 225 3662 Cicero
244 3604 331 3662 horno
349 3627 442 3666 novus
462 3609 569 3669 consul.
592 3608 637 3666 55.
661 3631 683 3668 ι.

119 3726 157 3739 -
177 3709 307 3753 senatum
326 3698 356 3753 in
375 3699 475 3756 aedem
487 3700 675 3760 Concordiae
695 3716 841 3789 convocat.
863 3701 907 3776 48.
929 3721 970 3763 ιι.
1069 3733 1071 3736 >

119 3817 157 3830 -·
175 3785 212 3844 de
230 3790 385 3865 conjuratis
403 3791 433 3846 in
453 3805 554 3849 senatu
574 3795 667 3854 refert.
688 3793 732 3853 51.
755 3815 798 3856 ιι.

121 3876 240 3935 Cimbri
260 3881 305 3939 66.
327 3900 351 3936 ι.
373 3901 398 3939 a

120 3967 222 4024 Cirtha
242 3987 460 4048 oppugnatura
480 3976 632 4053 Jugurtha.
654 3979 748 4056 896.

117 4090 158 4104 -
175 4060 336 4140 Jugurthae
355 4067 466 4125 tradita.
486 4086 532 4146 9²·
554 4069 596 4128 ιδ.
