2888 4748
533 292 597 406 no
622 332 806 406 renuero
1151 362 1213 413 211

146 514 243 583 quam
263 513 320 560 vos
341 488 504 558 serviundi
526 487 638 570 finem,
662 490 709 554 illi
731 485 957 554 dominationis
973 488 1091 555 facturi
1107 508 1217 560 erant:

144 601 330 691 praesertim
353 621 429 665 eum
443 599 493 662 his
510 598 658 664 civilibus
674 598 770 662 armis
788 595 872 662 dieta
888 597 966 678 alia,
982 597 1038 663 sed
1061 614 1221 666 certatum

144 709 306 798 utrimque
329 707 368 773 de
392 706 610 771 dominatione
634 704 668 769 in
691 704 782 770 vohis
809 704 857 769 sit.
875 704 988 794 Itaque
1008 719 1113 771 cetera
1128 709 1220 772 exli-

144 817 268 898 oentia,
292 830 348 881 aut
372 814 466 896 odio,
490 828 546 879 aut
560 812 694 880 avaritia
719 812 753 876 in
770 826 897 902 tempus
911 819 921 844 ¹
937 836 1050 878 arsere.
1068 814 1221 884 Permans

143 925 185 990 sit
206 947 272 989 una
295 947 346 989 res
370 922 485 1004 modo,
509 944 592 1010 quae
614 920 778 1010 utrimque
803 919 947 1008 quaesita
963 935 1029 1000 est,
1054 935 1086 986 et
1110 937 1220 1012 erepta

141 1032 176 1095 in
199 1047 384 1121 posterum,
406 1029 455 1097 vis
479 1028 671 1110 tribunicia,
702 1028 802 1093 telum
825 1050 845 1092 a
874 1028 1052 1113 majoribus
1076 1027 1239 1126 libertati

140 1154 297 1230 paratum.
324 1135 420 1222 Quod
443 1159 502 1226 ego
525 1159 582 1204 vos
606 1157 720 1203 moneo
738 1158 938 1225 quaesoque,
962 1150 998 1201 ut
1018 1137 1220 1204 animadvor-

140 1248 235 1327 tatis,
259 1269 322 1311 neu
346 1245 477 1310 nomina
493 1266 602 1310 rerum
618 1243 658 1309 ad
673 1243 835 1332 ignaviam
850 1257 1022 1325 mutantes,
1041 1246 1142 1310 otium
1158 1269 1220 1336 pro
1250 1275 1270 1327 j

142 1353 272 1420 servitio
296 1353 481 1444 adpelletis,
505 1376 571 1441 quo
595 1355 661 1436 jam
684 1352 755 1441 ipso
772 1350 856 1434 frui,
881 1352 908 1416 si
931 1374 1006 1444 vera
1030 1368 1061 1418 et
1084 1353 1219 1420 honesta

142 1460 299 1550 flagitium
324 1458 542 1550 superaverit,
566 1481 631 1524 non
648 1472 695 1524 est
711 1458 853 1524 conditio
868 1485 874 1524 :
889 1458 1023 1541 fuisset,
1044 1460 1072 1526 si
1088 1460 1221 1526 omnino

141 1569 318 1657 quiessetis.
344 1569 439 1633 Nune
462 1567 608 1652 animum
625 1565 800 1634 advortite:
817 1581 869 1648 et,
884 1566 948 1632 nisi
964 1566 1123 1649 viceritis,
1139 1591 1221 1657 quo·

142 1675 229 1740 niam
253 1675 356 1741 omnis
381 1675 501 1759 injuria
525 1674 679 1763 gravitate
704 1674 805 1740 tutior
830 1688 897 1755 est,
921 1675 1021 1740 artius
1041 1667 1219 1740 habebunt

143 1781 231 1867 Quid
255 1805 366 1848 censes
381 1783 513 1870 igitur?
537 1781 656 1871 aliquis
683 1795 826 1847 vestrum
858 1779 1038 1864 subjecerit.
1073 1781 1221 1850 Primum

141 1891 307 1970 omnium,
331 1887 548 1954 omittundum
563 1909 685 1955 morem
708 1887 797 1952 huno
817 1909 914 1976 quem
937 1886 1051 1976 agitis,
1074 1887 1222 1978 inpigrae

139 1995 286 2084 linguae,
309 1997 408 2059 animi
431 1995 558 2083 ignavi,
582 2017 646 2059 non
671 1995 757 2060 ultra
781 1995 945 2060 concionis
969 1994 1076 2059 locum
1100 2016 1220 2078 memo-

139 2124 190 2165 res
213 2102 377 2166 libertatis.
403 2101 490 2166 Dein
516 2106 527 2184 (
551 2124 593 2167 ne
616 2125 673 2169 vos
698 2102 738 2166 ad
761 2100 890 2165 virilia·
916 2101 975 2166 illa
996 2123 1128 2182 vooem,
1150 2125 1217 2191 quo

56 2248 60 2255 >
141 2207 279 2274 tribunis
293 2209 400 2299 plebei
415 2211 596 2278 mandando
613 2210 787 2300 patricium
802 2209 1042 2300 magistratum,
1057 2190 1160 2274 libera
1175 2207 1218 2274 ab

140 2315 327 2383 auctoribus
350 2319 495 2408 patriciis
514 2327 527 2366 ³
551 2318 707 2408 suffragia
728 2322 866 2401 majores
891 2319 989 2385 vestri
1012 2319 1164 2408 paravere
1185 2322 1219 2399 )=

140 2445 243 2512 quum
265 2424 313 2489 vis
338 2427 460 2506 omnis,
486 2426 647 2510 Quirites,
670 2426 705 2489 in
729 2425 820 2494 vobis
844 2425 905 2506 sit,
928 2426 997 2506 uti,
1022 2448 1104 2514 quae
1128 2428 1219 2508 jussa

140 2553 228 2595 nuno
252 2554 311 2621 pro
335 2531 406 2597 aliis
430 2534 574 2598 toleratis
590 2544 618 2615 t,
633 2557 694 2623 pro
717 2534 809 2601 vohis
832 2555 945 2621 agere,
962 2546 1017 2597 aut
1040 2555 1105 2596 non
1122 2554 1217 2621 agero

47 2633 50 2638 ’
142 2651 227 2702 certe
250 2638 388 2727 possitis.
412 2639 528 2706 Jovem
544 2652 599 2704 aut
615 2641 714 2704 alium
734 2657 857 2730 squem
880 2641 977 2705 deum
1001 2640 1221 2710 consultorem

139 2746 350 2835 exspectatis?
375 2746 492 2835 Magna
517 2746 598 2845 illa⁶
622 2748 793 2813 consulum
816 2748 952 2839 imperia
967 2761 998 2812 et
1012 2756 1142 2837 patrum
1164 2745 1218 2820 de-

451 2854 455 2878 1

158 3012 170 3048 1
193 2989 381 3066 Aliquandiu.
694 3011 760 3048 rum
773 3004 801 3048 et
813 2990 949 3048 aedilium
962 2989 1154 3048 creandorum
1166 3007 1217 3046 co·

156 3069 263 3123 aDein
275 3087 381 3124 censeo
396 3067 449 3137 [ne
460 3067 504 3123 ad
512 3072 656 3126 secessio·
694 3069 773 3124 mitia
801 3069 915 3145 absque
939 3071 1068 3142 praevia
1094 3075 1217 3139 patrum

136 3162 188 3199 nes
209 3162 262 3200 vos
278 3145 393 3209 horter,
405 3145 512 3220 quibus
524 3148 657 3220 majores
695 3143 934 3220 adprobatione,
956 3144 1014 3199 sine
1035 3141 1169 3217 auspiciis
1186 3150 1217 3197 et

136 3223 227 3274 vestri
238 3228 268 3273 et
284 3219 422 3274 tribunos
437 3221 496 3275 sibi
513 3231 544 3274 et
561 3226 656 3295 magi·
695 3221 773 3275 omni
786 3221 840 3275 alia
852 3219 999 3295 religione,
1011 3217 1072 3274 sole
1084 3217 1216 3274 tribuum

135 3304 248 3352 stratus
265 3296 415 3366 patricios
431 3304 461 3350 et
480 3295 577 3350 libera
593 3298 656 3370 suf-
695 3296 831 3370 suffragio
851 3306 1067 3371 peragerentur.

96 3402 97 3405 =
125 3373 237 3446 fragia
247 3373 413 3443 peperere]
431 3373 476 3424 uti
494 3374 525 3424 in
542 3373 656 3426 eamli-
713 3368 819 3440 llele's
844 3392 948 3447 nempe
974 3371 1126 3434 militatis,
1152 3370 1215 3428 ittrk

134 3449 281 3503 bertatem
294 3461 346 3498 vos
359 3444 514 3500 vindicetis
521 3466 605 3522 ,qua
616 3469 655 3503 ea
693 3451 819 3503 vincitiS.
1191 3480 1196 3487 ’

133 3542 214 3601 quae
225 3539 305 3576 nunc
321 3538 360 3574 ex
377 3519 506 3575 aliorum
527 3525 653 3596 imperio
711 3521 844 3579 trovem
856 3533 909 3579 aut
921 3524 1011 3577 alium
1023 3539 1110 3597 quem
1125 3519 1216 3574 deum

130 3615 190 3676 pro
203 3599 273 3653 aliis
284 3596 400 3661 subitis,
414 3616 472 3669 pro
487 3598 569 3654 vobis
582 3619 653 3673 age·
692 3599 1019 3676 expectatis-,quirebus
1027 3597 1131 3650 vestris
1136 3613 1213 3668 pro-

133 3698 168 3732 re
185 3684 237 3731 aut
250 3673 344 3749 plane
362 3675 499 3728 omittere
512 3679 652 3746 possitis:
690 3679 821 3749 spiciat?
835 3679 875 3730 Et
891 3677 1008 3730 interim
1026 3689 1136 3743 magna
1156 3669 1212 3725 itta

88 3789 90 3793 ν
132 3752 216 3828 quod
236 3769 298 3805 non
319 3749 396 3805 adeo
423 3750 549 3823 dffeile
569 3752 653 3808 vobis
691 3755 819 3826 imperia
837 3749 1040 3828 exsequendo,
1057 3748 1211 3803 servitium

96 3833 100 3839 '
133 3833 203 3892 erit,
215 3846 280 3881 cum
292 3831 335 3884 vis
347 3830 443 3884 omnis
460 3829 491 3881 itt
511 3827 594 3883 vobis
605 3831 651 3883 stt.
692 3838 819 3883 vestrum
832 3829 957 3902 augebit.

151 3903 170 3959 3
192 3901 312 3960 Publius
322 3901 429 3961 Volero
450 3915 478 3959 et
498 3901 531 3958 C.
549 3903 651 3966 Lecto·
708 3905 727 3960 6
747 3907 875 3978 Magna,
892 3922 947 3978 pro
965 3901 1139 3978 magnifica,
1156 3915 1205 3956 stt·

133 3980 210 4047 rius,
223 3978 331 4035 tribuni
341 3979 451 4055 plebis,
466 3999 570 4055 magna
583 3999 652 4036 con·
687 3981 784 4060 parba
791 4001 803 4051 ,·
815 3979 853 4039 ad
864 3977 1006 4044 invidiam.

133 4056 260 4116 tentione
271 4055 500 4134 perfecerantut
519 4057 651 4120 tribuno·
1005 4055 1008 4061 ’
