2888 4748
449 311 637 381 BELLUM
661 311 1005 382 JUGURTHINUM
1194 321 1262 386 ‘123

194 475 282 544 erat,
306 463 415 530 multis
437 466 724 555 pollicitationibus
749 464 951 554 adgreditur:
968 488 1005 530 ao
1027 464 1131 556 primo
1154 465 1266 552 efficit,

194 572 243 637 uti
266 572 306 636 ad
329 596 362 637 se
386 573 600 662 conloquendi
625 573 726 662 gratia
749 573 894 637 occultus
917 573 1051 640 veniat:
1075 574 1171 657 dein,
1200 575 1281 644 fida

192 677 291 760 data,
312 682 342 743 ri
363 681 554 766 Iugurtham
578 684 678 744 vivum
710 697 767 744 aut
789 697 936 744 necatum
966 682 1029 745 sibi
1060 683 1243 749 tradidisset
1252 735 1268 766 ,,

181 775 274 870 Jore,
289 804 325 851 ut
340 788 392 850 itti
405 805 535 852 senatus
552 791 765 874 inpunitatem
789 803 820 851 et
842 813 901 852 sua
917 792 1023 853 omnia
1039 800 1047 822 ¹
1064 792 1264 874 concederet,

191 892 286 959 facile
301 895 459 960 Numidae
474 896 654 985 persuadet,
671 919 743 960 cum
759 896 888 984 ingenio
904 884 1091 976 infido,tu¹m
1107 901 1264 965 metuenti

191 1022 252 1082 ne,
276 1001 303 1066 si
324 1026 386 1092 pax
408 1025 481 1067 cum
504 1003 657 1068 Romanis
679 1002 786 1082 fieret,
807 1004 954 1094 ipseper
976 1004 1173 1071 conditiones
1190 1012 1200 1032 ²
1220 1006 1262 1072 ad

190 1110 387 1198 supplicium
402 1110 587 1175 traderetur.

237 1218 361 1283 LXVI.
387 1217 435 1297 ls,
451 1218 508 1282 ubi
525 1218 664 1306 primum
680 1219 897 1308 obportunum
909 1217 982 1299 fuit,
995 1218 1195 1308 Jngurtham-
1206 1244 1258 1286 an·

188 1306 278 1391 ‘him
307 1347 345 1389 ao
370 1325 573 1389 miserantem
596 1324 739 1389 fortunas
762 1349 835 1390 suas
859 1326 1005 1389 aceedit:
1028 1342 1136 1393 monet
1164 1343 1261 1417 atque

190 1433 371 1497 lacrumans
388 1433 580 1512 obtestatur,
603 1435 651 1496 uti
669 1433 845 1519 aliquando
861 1433 923 1496 siti
938 1434 1108 1522 liberisque
1125 1452 1157 1500 et
1169 1438 1259 1521 genti

181 1541 399 1635 'Nunaidarum
432 1557 556 1628 optume
589 1543 723 1605 merenti
750 1540 935 1627 provideat:
958 1542 1102 1605 omnibus
1124 1545 1259 1628 procliis

187 1672 254 1713 sese
277 1651 393 1728 victos,
408 1673 518 1735 agrum
541 1664 694 1712 ramatum
707 1649 847 1726 ,multos
872 1650 1013 1712 mortalis
1030 1666 1137 1734 captas
1150 1699 1160 1729 ,
1175 1652 1256 1713 occi-

186 1778 250 1833 sos3
265 1759 355 1840 regni
371 1782 443 1843 opes
459 1758 667 1821 comminutae
684 1780 763 1833 esre,
779 1757 856 1817 satis
872 1779 966 1840 saepe
976 1759 1046 1838 jam
1063 1773 1094 1818 et
1110 1759 1256 1820 virtutem

187 1863 339 1942 militum,
355 1881 386 1927 et
390 1867 560 1948 fortunam
586 1879 761 1928 tentatam:
785 1877 914 1938 caveat,
929 1884 969 1923 ne
986 1862 1043 1923 itto
1063 1879 1233 1927 cunctante
1245 1911 1261 1942 ,v

177 1971 343 2033 ‘Numidae
366 1971 429 2032 sibi
450 1970 626 2033 consulant.
644 1969 702 2033 His
725 1982 818 2057 atque
840 1967 957 2032 talibus
980 1968 1050 2031 aliis
1067 1968 1106 2032 ad
1122 1969 1256 2034 deditio·

188 2099 261 2140 nem
277 2077 359 2164 regis
375 2077 518 2141 animum
528 2076 661 2166 inpellit.
679 2077 851 2140 Mittuntur
867 2075 907 2139 ad
915 2075 1137 2164 imperatorem
1145 2055 1254 2165 legia,

158 2238 161 2245 .
189 2184 244 2272 qui
267 2183 461 2272 Jugurtham
485 2185 639 2274 imperata
660 2184 819 2249 facturum
843 2182 1008 2263 dicerent,
1037 2206 1073 2248 ac
1096 2183 1164 2246 sine
1186 2183 1254 2247 ulla

186 2291 333 2381 pactione
353 2315 421 2356 sese
444 2313 640 2383 regnumque
663 2314 757 2355 suum
772 2292 805 2356 in
821 2291 908 2355 illius
923 2288 1019 2354 fidem
1035 2290 1167 2354 tradere.
1184 2289 1252 2354 Me·

185 2399 279 2465 tellus
295 2423 429 2489 propere
445 2414 577 2464 cunctos
594 2399 744 2462 senatorii
761 2398 881 2461 ordinis
897 2395 907 2431 ³
923 2421 960 2461 ex
982 2396 1123 2462 hibernis
1148 2420 1252 2462 accer-

185 2507 242 2571 siri
266 2507 373 2589 jubet3
394 2529 506 2570 corum
536 2520 631 2593 atque
659 2505 814 2584 aliorum,
836 2528 916 2593 quos
944 2504 1075 2569 idoneos
1097 2503 1254 2584 ducebat,

185 2613 354 2679 consilium
369 2612 472 2704 laabet.
490 2601 640 2677 Ita'more
655 2616 825 2695 majorum,
841 2635 878 2675 ex
894 2611 1020 2675 consilii
1035 2610 1179 2692 decreto,
1193 2634 1253 2701 per

182 2719 303 2809 legatos
318 2720 491 2806 Iugurthae
516 2723 651 2805 imperat
674 2722 799 2806 argenti
819 2719 924 2805 pondo
940 2720 951 2758 ⁴
967 2719 1104 2810 ducenta
1124 2719 1253 2799 millia,

182 2829 368 2914 elephantos
385 2830 485 2891 omnis
496 2878 506 2906 ,
521 2853 673 2913 equorum
696 2843 728 2890 et
750 2852 908 2890 armorum
929 2827 1139 2912 aliquantum.
1159 2827 1251 2910 Quae

181 2950 351 3026 postquam
375 2935 443 2999 sine
465 2958 553 2998 mora
574 2934 666 3015 facta,
682 2949 775 3014 sunt,
793 2934 883 3018 jubet
898 2934 1001 2998 omnis
1016 2932 1165 3022 perfugas
1181 2933 1251 2999 vin·

182 3057 250 3107 etos
266 3042 390 3108 adduci.
408 3043 529 3108 Eorum
545 3066 658 3131 magna
672 3065 766 3131 pars,
782 3042 830 3105 uti
848 3044 973 3125 jussum
997 3056 1083 3119 erat,
1100 3041 1249 3105 adducti:

182 3151 298 3238 pauci,
314 3151 543 3239 cumprimum
563 3149 680 3215 deditio
705 3149 826 3236 coepit,
843 3148 883 3210 ad
906 3150 1011 3235 regem
1036 3147 1199 3212 Bocchum
1215 3148 1249 3211 in

183 3254 409 3319 Mauritaniam
425 3257 574 3319 abierant
585 3257 688 3344 Igitur
698 3257 718 3318 J
721 3254 870 3343 ugurtha,
880 3254 936 3318 ubi
952 3256 1047 3319 armis
1063 3255 1204 3344 virisque
1220 3270 1252 3320 et

180 3360 318 3452 pecunia
340 3362 494 3450 spoliatus
515 3377 579 3442 est,
594 3384 669 3429 cum
685 3362 753 3451 ipse
769 3361 809 3425 ad
824 3361 1046 3451 imperandum
1062 3360 1074 3397 ³
1089 3363 1250 3428 Tisidium

201 3639 211 3674 1
236 3616 443 3690 Quaecumque
454 3618 483 3673 in
494 3616 629 3675 Numidia
637 3618 693 3677 Bo·
732 3620 802 3677 toris
813 3620 945 3678 senatorii
958 3613 1075 3688 ordinis,
1083 3632 1250 3694 quaestores

180 3693 279 3748 rnilcar
289 3690 423 3750 habebat.
733 3716 827 3775 saepe,
840 3696 961 3754 etmulti
972 3698 1056 3753 etiam
1071 3694 1181 3751 tribuni
1194 3696 1249 3750 mi·

200 3785 215 3822 a
236 3769 377 3834 Metuens,
388 3789 424 3823 ne
438 3769 512 3824 inter
528 3770 608 3845 pacis
625 3791 693 3827 con·
732 3771 823 3828 litum.

178 3841 299 3898 ditiones
317 3843 389 3899 haec
411 3857 500 3914 esset,
520 3858 553 3902 ut
573 3847 635 3923 ipse
657 3846 694 3902 ad
750 3849 770 3918 4
788 3848 940 3904 Librarum
952 3847 1050 3925 pondo
1061 3867 1111 3904 seu
1123 3846 1221 3904 libras.

178 3917 350 3992 supplicium
363 3919 532 3996 traderetur,
751 3923 769 3981 5
790 3927 924 3993 Passivc,
948 3937 979 3980 ut
1001 3925 1026 3981 ei
1047 3925 1250 4004 imperaretur,

196 3990 214 4050 5
234 3994 323 4050 Erant
335 3994 467 4076 plerique
475 3996 561 4076 legati
569 3999 693 4077 impera·
732 4001 896 4079 utimperio
906 4014 1029 4079 pareret.
