2888 4748
238 284 315 389 so'
526 320 563 386 c.
590 316 741 385 omsrt
767 316 1011 386 sinuosus

235 471 332 537 simul
361 472 500 539 eniterer
530 470 617 534 domi
647 469 846 556 militiaeque
870 494 966 556 quam
990 493 1142 535 maxumo
1166 473 1241 536 usui
1263 496 1311 538 cs·

226 604 268 644 se
290 579 409 666 papula
434 582 597 656 Romano‚·
632 581 691 640 Vos
715 576 795 640 mihi
817 593 1046 663 cognatorum,
1069 601 1120 642 ros
1144 579 1178 642 in
1203 579 1311 645 lacum

232 686 388 770 adfinium
409 685 557 765 ducerem
578 711 587 747 :
609 686 638 747 si
651 685 850 768 ‘casecisscm
862 734 873 764 ,
887 687 921 747 in
938 701 1040 748 restro
1055 687 1201 749 amicitia
1217 710 1312 753 eaer-

233 797 354 885 citum‚
373 794 521 870 diritius,
536 793 735 856 munimenta
751 793 840 878 regni
854 816 904 855 me
921 791 1112 856 habiturum.
1132 797 1220 875 Quae
1236 820 1312 884 cum

231 917 405 987 praecepta
427 902 529 986 patris
553 901 617 963 mei
639 900 812 985 agitarem
835 900 1013 986 Iugurtha,
1029 900 1121 963 homo
1146 904 1287 966 omnium
1300 872 1321 980 ,s

232 1034 313 1097 quas
337 1024 422 1073 term
444 1010 600 1085 sustinet,
615 1006 907 1086 sceleratissumus‚
922 1023 1079 1070 contemto
1096 1010 1227 1094 imperio
1245 1035 1309 1073 res·

232 1133 301 1196 tro,
317 1116 508 1179 Masinissae
524 1138 573 1178 me
590 1130 734 1200 nepotem
743 1163 754 1193 ,
769 1117 864 1177 etiam
880 1114 920 1177 ab
937 1117 1035 1200 stirpe
1050 1117 1171 1179 socium
1186 1119 1195 1144 ¹
1210 1133 1307 1207 atque

231 1227 370 1291 amicum
399 1223 513 1309 popuii
535 1223 672 1286 Romani
686 1270 697 1300 ,
727 1245 822 1307 regna
846 1223 1056 1308 fortunisque
1080 1223 1226 1287 omnibus
1250 1248 1308 1289 eoc-

229 1332 326 1420 puiit.
344 1335 445 1416 Atque
468 1355 546 1416 ega,
561 1334 597 1393 P.
618 1334 675 1407 C.‚
698 1331 850 1414 quoniam
874 1353 918 1392 ea
935 1332 1135 1393 miseriarum
1160 1346 1309 1396 venturus

230 1465 341 1519 cram,
364 1438 475 1502 vellem
496 1441 604 1524 potius
620 1437 658 1500 ab
684 1461 755 1500 mea
768 1485 777 1514 ,
800 1461 896 1522 quarn
920 1437 958 1500 ab
984 1441 1141 1521 majarum
1165 1463 1309 1503 meorum

231 1548 389 1632 beneficia
402 1571 495 1632 passe
510 1570 560 1608 me
576 1571 596 1608 a
613 1541 697 1608 rabis
714 1544 874 1607 auxilium
889 1559 1020 1630 petere,
1035 1571 1073 1608 ac
1089 1570 1239 1610 manume
1256 1547 1310 1610 de-

232 1657 302 1736 beri
325 1656 403 1719 mihi
425 1654 580 1738 beneficia
595 1678 617 1715 a
628 1651 749 1738 populo
765 1655 928 1730 Romano,
951 1652 1066 1737 quibus
1082 1678 1146 1717 non
1164 1678 1311 1739 egerem,-

232 1764 407 1841 secundum
422 1787 461 1842 ea
476 1763 488 1788 ⁸
497 1810 507 1839 ,
522 1761 552 1823 si
565 1759 779 1825 desideranda
795 1774 901 1838 erant,
916 1761 966 1822 uti
980 1759 1094 1824 debitis
1107 1777 1225 1830 uterer.
1244 1762 1311 1826 Sed

228 1873 386 1961 ¹quoniam
398 1894 515 1958 parum
531 1883 600 1931 tuto
614 1892 721 1954 perse
738 1869 808 1953 ipsa
821 1866 964 1963 probitas
980 1883 1044 1945 est‚·
1059 1893 1162 1954 neque
1179 1869 1258 1933 mihi
1273 1870 1308 1947 in

155 2043 159 2051 ,
234 1979 435 2062 manusuit³
448 2027 457 2055 ,
477 1975 634 2060 Iugurtha
658 1975 764 2063 qualis
777 1976 896 2060 forcti
914 1976 958 2039 ad
981 2000 1031 2039 ros
1055 1978 1184 2062 confugi
1208 1979 1243 2041 Ρ.
1272 1983 1309 2042 C.

233 2085 363 2172 quibus,
379 2083 465 2170 quad
479 2083 558 2146 mihi
572 2085 792 2146 miserrumum
808 2098 869 2161 est,
884 2107 976 2170 cogor
988 2086 1078 2170 prius
1095 2085 1198 2162 oneri,
1211 2109 1308 2171 quam

233 2194 309 2256 usui
321 2217 399 2256 csse.
420 2193 546 2255 Caeteri
561 2214 667 2276 reges,
683 2204 740 2252 aut
756 2189 839 2254 bella
856 2192 930 2253 victi
944 2193 977 2253 in
994 2193 1170 2255 amicitiam
1186 2216 1206 2254 a
1223 2191 1307 2255 vobis

233 2302 355 2385 recepti
377 2315 473 2377 sunt,
496 2300 608 2361 autin
632 2298 698 2361 suis
721 2296 826 2360 dubiis
849 2297 943 2361 rebus
966 2299 1149 2362 sacietatem
1173 2314 1307 2362 restrum

232 2408 463 2492 adpetiverunt.

280 2515 359 2580 XV.
383 2515 524 2578 Familia
556 2528 665 2576 nostra
695 2536 767 2575 cum
797 2512 917 2599 populo
948 2517 1089 2577 Romano
1117 2514 1202 2578 bello
1230 2520 1307 2578 Car·
1379 2596 1384 2604 .

234 2622 429 2717 thaginiensi
459 2623 635 2684 amicitiam
667 2620 827 2698 instituit,
858 2644 920 2707 quo
945 2637 1083 2708 tempore
1102 2624 1206 2708 magis
1224 2623 1308 2708 fides
1381 2651 1384 2657 ·

234 2733 326 2813 ejus,
358 2752 453 2814 quarn
474 2731 614 2812 fortuna
642 2726 813 2815 pendenda
843 2743 920 2791 erat.
956 2732 1095 2809 Quorum
1124 2733 1307 2817 progeniem

234 2859 285 2898 ras
297 2885 307 2913 ,
332 2840 367 2905 Ρ.
396 2839 429 2898 C.
440 2884 450 2913 ,
472 2835 572 2899 nolite
594 2838 666 2919 pati
689 2858 737 2898 me
749 2884 760 2913 ‚
783 2838 1142 2921 nepotem'Masinissae
1154 2887 1163 2915 ,
1176 2840 1306 2921 frustra

235 2970 256 3007 a
280 2943 363 3006 rolris
388 2934 549 3005 auxilium
571 2958 689 3028 petere.
713 2943 750 3004 Si
768 2943 811 3005 ad
826 2944 1059 3028 impetrandum
1076 2944 1159 3007 nihil
1173 2969 1304 3008 caussae

234 3051 405 3130 haberem,
426 3067 555 3136 practer
571 3050 783 3113 miserandam
789 3052 982 3133 fortunam3
1006 3050 1091 3138 quod
1102 3052 1215 3138 paullo
1231 3069 1307 3116 ante

234 3184 301 3245 rese¹
313 3183 451 3244 genere,
464 3159 562 3242 sama
585 3174 681 3244 atque
713 3158 813 3242 copiis
841 3174 977 3242 potens,
1000 3181 1085 3221 nunc
1113 3160 1310 3243 deformatus·

235 3270 418 3344 aerumnis,
442 3268 554 3351 inops,
578 3266 702 3329 alienas
728 3290 801 3351 opes
825 3281 974 3352 exspecto
986 3296 996 3344 ,-
1020 3282 1125 3331 tamen
1150 3286 1220 3332 erat
1243 3294 1309 3331 rna·

233 3376 362 3459 jestatis
391 3375 506 3462 populi
535 3376 670 3439 Romani
695 3373 862 3461 prohibere
895 3376 1076 3459 injuriam,
1107 3401 1209 3462 neque
1238 3379 1309 3462 pati

236 3484 424 3566 cujusquam
449 3505 579 3564 regnum
600 3505 659 3565 per
681 3482 785 3543 scelus
808 3505 957 3544 cresccre.
993 3485 1106 3545 Verum
1131 3509 1185 3568 ega
1210 3485 1248 3545 iis
1262 3483 1308 3565 fi-

236 3589 329 3654 nibus
347 3590 464 3672 ejectus
479 3611 571 3666 sum,
595 3612 672 3672 quas
697 3587 869 3672 majoribus
893 3591 971 3650 mois
991 3591 1130 3676 papulus
1148 3595 1306 3655 Romanus

258 3891 268 3925 1
280 3870 352 3925 Nam
364 3875 379 3925 'a
392 3871 537 3927 Masinissa
551 3890 604 3928 avo
616 3868 690 3925 inter
702 3891 747 3926 re·
806 3890 822 3927 2
843 3872 954 3931 Deinde
973 3891 1051 3932 vero,

234 3948 310 4023 giam
321 3947 454 4004 familiam
466 3961 493 4004 et
502 3948 647 4006 Romanos
656 3949 748 4008 luerat
804 3948 822 4003 3
843 3949 867 4004 N
870 3970 906 4004 on
916 3969 1004 4026 penes
1021 3973 1066 4006 me
1079 3950 1142 4018 suit,
1154 3962 1187 4006 ut
1197 3950 1215 4007 J
1217 3969 1308 4028 uguc-

233 4023 360 4080 societas.
787 4024 836 4081 tha
844 4046 935 4110 *quam
948 4026 1016 4096 fuit,
1029 4027 1101 4084 alius
1111 4040 1191 4084 esset.
