2888 4748
230 378 270 418 12
518 350 554 412 C.
581 346 730 415 CRISPI
757 340 1002 414 SALLUSTII

224 464 345 596 posuit¹
364 498 588 590 Jugnrtinae,
619 497 797 588 majorique
833 499 985 565 historiae
1019 520 1083 586 qua
1113 496 1302 568 carilionis

223 650 301 694 oum
323 624 499 714 Jugnrtina
517 623 790 712 conjungebatur,
813 625 908 707 cujus
923 621 1053 711 quidem
1068 645 1173 712 pauca
1192 625 1301 690 admo-

223 750 302 816 dum
325 761 499 839 supersunt
520 745 705 836 sragmenta.
730 745 946 811 Familiariter
969 768 1047 811 usus
1076 760 1124 811 est
1149 747 1301 813 Cornelio

224 873 367 963 Nepote,
385 871 523 935 Messala
546 883 578 934 et
601 869 731 958 Nigidio
745 868 881 957 Figulo,
904 869 961 958 qui
985 892 1021 934 ea
1045 882 1146 934 aetate
1169 870 1301 936 nobilis-

224 998 306 1062 simo
330 992 460 1083 ingenio
484 991 670 1058 floruerunt.
695 993 774 1060 Vita
789 992 920 1058 functus
936 1007 984 1059 est
998 1017 1084 1059 anno
1099 993 1142 1059 U.
1160 993 1195 1058 G.
1216 995 1301 1083 718,

225 1117 403 1184 Cornificio
426 1131 458 1181 et
481 1116 636 1205 Pompejo
660 1116 781 1200 juniori
804 1116 1003 1198 oonsulibus,
1019 1124 1120 1182 annos
1134 1132 1228 1182 natus
1248 1118 1299 1183 51.

224 1241 383 1308 Heredem
406 1263 444 1304 ex
466 1252 653 1305 testamento
676 1240 807 1329 reliquit
828 1237 934 1305 filium
957 1239 1160 1330 adoptivum,
1180 1240 1299 1307 sororis

223 1389 301 1432 suae
324 1377 479 1454 nepotem.
505 1363 555 1427 Ex
577 1385 772 1444 marmorea,
788 1386 870 1454 quae
884 1365 1006 1430 Romae
1020 1379 1200 1432 asservatur
1214 1369 1300 1450 ejus

222 1487 296 1553 dem
310 1487 431 1566 herma,
447 1483 599 1575 Augusti,
614 1500 651 1551 ut
672 1486 825 1565 credibile
840 1502 899 1568 est,
914 1487 1113 1577 temporibus
1129 1489 1298 1578 exempta,

223 1625 356 1703 apparet
378 1608 477 1674 fuisse
500 1632 575 1674 eum
598 1608 680 1674 faeie
702 1608 836 1691 decora,
859 1609 965 1676 fronte
987 1602 1118 1701 grandi,
1131 1635 1249 1701 rugosa
1266 1627 1301 1679 et

223 1735 336 1823 gravi,
360 1732 482 1821 magnis
506 1731 626 1814 oeulis,
649 1733 747 1799 densa
763 1756 800 1798 ao
815 1733 972 1825 promissa
994 1721 1101 1799 barba.
1126 1734 1205 1800 Post
1226 1724 1305 1820 ejus·

222 1872 358 1922 mortem
380 1855 477 1920 hide
500 1855 557 1922 illo
580 1878 691 1923 versus
715 1857 838 1921 Romae
861 1857 973 1947 scripti
996 1857 1183 1947 vulgatique
1207 1872 1299 1929 sunts

271 1984 332 2045 Hie
354 1981 435 2058 erit,
459 1996 495 2043 ut
515 1977 685 2064 perhibent
707 1980 871 2045 doctorum
894 1981 993 2046 cordo
1015 1984 1173 2062 virorum,

320 2104 449 2189 Crispus
474 2105 617 2168 Romano
636 2104 759 2191 primns
783 2106 817 2170 in
841 2105 984 2172 historia.
