2888 4748
248 341 315 423 sid
542 332 579 403 G.
605 279 754 404 culspl
780 335 1024 408 SALLUSTII

245 489 396 570 ducebat,
416 489 504 576 turpi
518 490 602 576 suga
624 493 766 556 incertae
782 514 821 554 ac
835 492 980 575 forsitan
993 489 1108 580 paullo
1122 507 1196 579 past
1211 491 1320 559 morde

241 601 430 671 interiturae
454 599 534 661 vitae
556 615 711 684 parceret.
730 599 882 663 Ceterum
898 599 937 663 ab
962 599 1075 665 eodem
1096 591 1251 682 monitus,
1267 602 1318 665 nti

239 722 335 771 noctu
357 705 651 792 proficiscerentur,
675 705 846 771 consilium
861 705 1035 797 adprobat:
1060 730 1098 772 ac
1123 709 1231 772 statim
1256 708 1316 771 mi·

243 811 317 883 lites
341 825 491 877 coenatos
514 834 582 876 esee
605 812 639 878 iu
663 813 794 892 castris,
820 812 976 903 ignesque
999 803 1209 880 creberrimos
1233 812 1318 895 fieri,

241 919 320 985 dein
344 920 448 1011 prima
470 918 579 1008 vigilia
603 918 729 983 silentio
753 919 860 1008 egredi
884 921 982 1005 jubet.
1003 921 1142 1010 Jamque
1158 935 1319 987 nocturno

244 1027 359 1093 itinere
382 1025 473 1090 sessis
498 1025 658 1106 omnibus,
675 1025 765 1091 Sulla
781 1027 900 1116 pariter
923 1051 998 1092 cum
1022 1043 1095 1094 ortu
1120 1028 1196 1094 solis
1212 1043 1317 1094 eastra

246 1133 438 1208 metabatur3
453 1155 528 1198 cum
544 1133 666 1222 equites
676 1134 785 1199 Mauri
801 1135 968 1217 nunciant,
976 1137 1319 1222 Iugurtham,eirciter

247 1241 345 1306 duum
369 1241 507 1304 millium
531 1241 699 1305 intervalia
710 1291 720 1320 ,
742 1257 818 1306 ante
843 1266 896 1306 eos
911 1242 1100 1307 consedisse»
1119 1243 1216 1327 Quod
1230 1257 1319 1333 pust-

246 1370 344 1438 quam
359 1347 504 1413 auditum
519 1361 585 1429 est,
599 1361 669 1412 tum
683 1372 759 1416 vero
773 1349 886 1438 ingens
902 1363 1006 1415 metus
1021 1364 1149 1415 nostros
1173 1349 1317 1416 invadit:

247 1456 378 1522 credere
401 1479 436 1524 se
458 1455 602 1545 proditos
625 1457 785 1523 aVoluee
808 1471 840 1522 et
862 1456 989 1524 insidiis
1005 1457 1248 1526 circumventos.
1266 1457 1318 1523 Ae

240 1562 335 1629 'fuere
353 1563 416 1651 ¹qui
438 1562 598 1643 dicerent,
621 1588 718 1627 manu
735 1564 974 1646 vindicandum,
990 1590 1093 1652 neque
1110 1565 1199 1652 apud
1221 1564 1317 1628 illum

246 1685 373 1734 tantum
396 1669 500 1734 scelus
525 1671 664 1734 inultum
687 1671 943 1758 relinquendum.
982 1712 985 1717 ·

288 1776 395 1843 CXV.
420 1776 466 1842 At
489 1775 599 1859 Sulla,
622 1798 818 1868 quamquam
833 1779 944 1846 eadem
959 1778 1182 1859 existumabat,
1206 1793 1316 1845 tamen

245 1884 288 1951 ab
302 1883 422 1968 injuria
438 1885 589 1950 Maurum
603 1886 770 1976 prohibet:
787 1910 863 1952 suos
878 1887 1037 1978 bortatur,
1051 1889 1229 1971 utisartem
1245 1891 1316 1951 ani-

241 2017 332 2064 mum
352 2008 517 2079 gererent:
539 2016 634 2078 saepe
650 2009 725 2058 ante
746 1998 860 2082 paucis
876 1997 1015 2061 strenuis
1032 1996 1182 2086 advorsus
1206 1996 1315 2061 multi-

246 2100 390 2166 tudinem
415 2100 493 2163 bene
515 2116 712 2187 pugnatum:
728 2119 847 2189 quanta
871 2103 935 2168 sibi
950 2106 984 2169 in
999 2104 1124 2192 praelio
1141 2105 1246 2167 minus
1260 2127 1316 2190 pe·

243 2210 419 2296 percissent
428 2257 439 2286 ‚
462 2223 549 2272 tanto
574 2211 704 2273 tutiores
717 2210 795 2292 fore
808 2235 817 2272 .·
832 2235 891 2274 nec
908 2236 1101 2298 quemquam
1118 2212 1242 2289 decere,
1258 2212 1316 2297 qui

244 2341 358 2381 manus
381 2318 564 2394 armaverit,
586 2316 627 2380 ab
651 2317 781 2381 inermis
802 2318 938 2404 pedibus
954 2320 1119 2383 auxilium
1139 2333 1262 2406 petere,
1278 2319 1314 2380 in

244 2449 396 2489 maxumo
419 2439 504 2486 metu
528 2423 650 2486 nudum
665 2440 698 2488 et
713 2449 844 2490 caecum
859 2450 974 2513 corpus
992 2429 1001 2454 ²
1015 2427 1059 2491 ad
1073 2426 1170 2490 bostis
1186 2440 1312 2490 vertere.

243 2531 371 2597 Deinde
394 2530 570 2611 Volucem‚
592 2531 746 2621 quoniam
761 2532 892 2601 hostilia
912 2534 1049 2614 faceret,
1066 2538 1173 2598 dorem
1199 2557 1316 2597 maan*

242 2665 329 2704 mum
353 2639 546 2718 obtestatus,
574 2655 610 2704 ut
632 2639 763 2704 sceleris
786 2657 885 2728 atque
906 2641 1063 2728 perfidiae
1085 2641 1204 2706 Bocchi
1226 2642 1315 2706 testis

245 2733 392 2826 adesset,
415 2746 529 2812 eastris
553 2746 640 2812 abire
665 2748 766 2832 julat:
791 2740 852 2813 lll'e
875 2749 1058 2815 lacrumans
1082 2770 1190 2830 orare,
1212 2772 1252 2812 ne
1275 2771 1317 2812 en

245 2854 408 2919 erederet:
431 2854 514 2918 nibil
537 2854 610 2919 dala
631 2856 763 2941 sactum
774 2906 785 2936 ,
807 2880 847 2920 ac
876 2859 976 2944 magis
998 2856 1177 2922 ealliditate
1200 2858 1316 2940 iugur-

243 2962 341 3042 tbaeg
356 2964 411 3027 cui
425 2962 573 3027 uidelicet
586 2964 768 3049 speculanti
783 2965 844 3029 iter
857 2988 951 3029 tuum
971 2966 1131 3050 cognitum
1146 2975 1236 3026 esset.
1256 2967 1315 3026 Ce-

243 3085 365 3150 terum,
380 3073 532 3158 quoniam
546 3096 651 3157 neque
667 3073 827 3156 ingentem
843 3070 1083 3134 multitudinem
1098 3067 1262 3148 baberet',
1282 3085 1315 3135 et

243 3202 315 3264 spes
339 3204 475 3266 apesque
499 3183 570 3264 ejus
594 3203 638 3242 en
658 3193 751 3264 patre
773 3201 832 3242 sna
854 3176 1053 3264 penderent3
1073 3177 1203 3242 credere
1219 3178 1315 3251 illum

243 3286 328 3349 nibil
343 3311 495 3350 ausurum
509 3287 634 3373 palam,
648 3310 721 3348 eum
737 3287 804 3372 ipse
819 3286 915 3370 filius
929 3280 941 3320 ³
955 3287 1043 3350 testis
1060 3285 1197 3350 adesset:
1214 3309 1312 3373 quare

243 3410 407 3480 optumum
421 3396 553 3479 sactum
569 3393 681 3471 rideri,
693 3416 754 3480 per
769 3395 878 3457 media
894 3396 963 3478 ejus
979 3410 1085 3460 castra
1097 3393 1210 3480 palam
1226 3410 1313 3459 tran
1337 3408 1339 3413 ⁴

245 3503 328 3580 sire3
347 3526 439 3580 sese,
463 3502 511 3564 vei
531 3501 715 3586 praemissis
739 3501 789 3563 uel
809 3501 930 3565 ididem
953 3502 1075 3566 relictis
1099 3502 1242 3577 Mauris,
1264 3525 1313 3564 so·

243 3607 312 3672 ium
336 3632 407 3672 cum
434 3608 528 3670 Sulla
551 3609 679 3672 iturum.
706 3605 754 3670 Ea
777 3629 840 3688 ree,
863 3608 912 3674 uti
929 3607 970 3700 ¹in
993 3606 1050 3673 tali
1074 3604 1216 3694 negotio,
1239 3628 1313 3694 pro·

242 3713 337 3783 bata:
362 3738 400 3781 ae
425 3713 531 3781 statim
557 3711 711 3805 profecti,
739 3713 817 3802 quia
838 3712 879 3779 de
901 3713 1074 3806 inproviso·
1094 3710 1313 3797 adcesserunt,

265 3916 277 3952 1
302 3897 425 3953 Cascam
432 3896 759 3976 partemcorperiuter·
816 3895 834 3953 3
854 3896 943 3952 Filius
955 3892 1077 3960 Bocchi,
1095 3912 1131 3948 ex
1143 3912 1201 3968 quo
1214 3913 1311 3969 omnes

242 3990 319 4048 garn.
794 3971 956 4051 ‚Iugurthae
976 3988 1046 4049 opes
1061 3968 1235 4048 pendebant.

259 4064 280 4105 2
297 4047 452 4128 iugurtha
