<?xml version="1.0" encoding="UTF-8"?>
<!DOCTYPE html PUBLIC "-//W3C//DTD XHTML 1.0 Transitional//EN"
    "http://www.w3.org/TR/xhtml1/DTD/xhtml1-transitional.dtd">
<html xmlns="http://www.w3.org/1999/xhtml" xml:lang="en" lang="en">
 <head>
  <title>
</title>
<meta http-equiv="Content-Type" content="text/html;charset=utf-8" />
  <meta name='ocr-system' content='tesseract 3.04.00' />
  <meta name='ocr-capabilities' content='ocr_page ocr_carea ocr_par ocr_line ocrx_word'/>
</head>
<body>
  <div class='ocr_page' id='page_1' title='image "./opera00sallgoog_0076.png"; bbox 0 0 2888 4748; ppageno 0'>
   <div class='ocr_carea' id='block_1_1' title="bbox 249 335 1021 429">
    <p class='ocr_par' dir='ltr' id='par_1_1' title="bbox 249 335 1021 429">
     <span class='ocr_line' id='line_1_1' title="bbox 249 335 1021 429; baseline -0.023 -4"><span class='ocrx_word' id='word_1_1' title='bbox 249 362 298 429; x_wconf 67' lang='lat' dir='ltr'><strong>ab</strong></span> <span class='ocrx_word' id='word_1_2' title='bbox 542 349 580 416; x_wconf 80' lang='lat' dir='ltr'><strong>C.</strong></span> <span class='ocrx_word' id='word_1_3' title='bbox 605 341 754 413; x_wconf 84' lang='lat' dir='ltr'>CRISPI</span> <span class='ocrx_word' id='word_1_4' title='bbox 779 335 1021 408; x_wconf 79' lang='lat' dir='ltr'><strong>slutttsrtl</strong></span> 
     </span>
    </p>
   </div>
   <div class='ocr_carea' id='block_1_2' title="bbox 237 486 1414 2413">
    <p class='ocr_par' dir='ltr' id='par_1_2' title="bbox 237 486 1414 2413">
     <span class='ocr_line' id='line_1_2' title="bbox 249 486 1321 589; baseline -0.014 -14"><span class='ocrx_word' id='word_1_5' title='bbox 249 509 361 589; x_wconf 78' lang='lat' dir='ltr'><strong>nirrs&#39;,</strong></span> <span class='ocrx_word' id='word_1_6' title='bbox 385 500 521 571; x_wconf 67' lang='lat' dir='ltr'><strong>Istrieius</strong></span> <span class='ocrx_word' id='word_1_7' title='bbox 546 497 677 564; x_wconf 86' lang='lat' dir='ltr'><strong>Cassius</strong></span> <span class='ocrx_word' id='word_1_8' title='bbox 694 486 902 580; x_wconf 81' lang='lat' dir='ltr'><strong>Longinus&#39;,</strong></span> <span class='ocrx_word' id='word_1_9' title='bbox 927 492 1028 576; x_wconf 84' lang='lat' dir='ltr'><strong>Cajus</strong></span> <span class='ocrx_word' id='word_1_10' title='bbox 1053 488 1232 582; x_wconf 79' lang='lat' dir='ltr'><strong>Cethegus,</strong></span> <span class='ocrx_word' id='word_1_11' title='bbox 1255 493 1321 562; x_wconf 58' lang='lat' dir='ltr'><strong>Prta&#39;</strong></span> 
     </span>
     <span class='ocr_line' id='line_1_3' title="bbox 247 597 1322 691; baseline -0.013 -8"><span class='ocrx_word' id='word_1_12' title='bbox 247 616 334 683; x_wconf 74' lang='lat' dir='ltr'><strong>lilius</strong></span> <span class='ocrx_word' id='word_1_13' title='bbox 357 628 388 679; x_wconf 82' lang='lat' dir='ltr'><strong>et</strong></span> <span class='ocrx_word' id='word_1_14' title='bbox 415 610 547 678; x_wconf 78' lang='lat' dir='ltr'><strong>Servius</strong></span> <span class='ocrx_word' id='word_1_15' title='bbox 572 603 680 670; x_wconf 74' lang='lat' dir='ltr'><strong>Sullae</strong></span> <span class='ocrx_word' id='word_1_16' title='bbox 706 599 809 666; x_wconf 86' lang='lat' dir='ltr'><strong>Servii</strong></span> <span class='ocrx_word' id='word_1_17' title='bbox 832 597 910 681; x_wconf 82' lang='lat' dir='ltr'><strong>lilii,</strong></span> <span class='ocrx_word' id='word_1_18' title='bbox 934 599 1057 666; x_wconf 89' lang='lat' dir='ltr'><strong>Lucius</strong></span> <span class='ocrx_word' id='word_1_19' title='bbox 1082 600 1322 691; x_wconf 75' lang='lat' dir='ltr'><strong>Vargunteius,</strong></span> 
     </span>
     <span class='ocr_line' id='line_1_4' title="bbox 248 706 1323 810; baseline -0.013 -20"><span class='ocrx_word' id='word_1_20' title='bbox 248 725 391 810; x_wconf 80' lang='lat' dir='ltr'><strong>Quintus</strong></span> <span class='ocrx_word' id='word_1_21' title='bbox 417 717 559 792; x_wconf 73' lang='lat' dir='ltr'><strong>Annius,</strong></span> <span class='ocrx_word' id='word_1_22' title='bbox 583 711 713 774; x_wconf 89' lang='lat' dir='ltr'><strong>Marcus</strong></span> <span class='ocrx_word' id='word_1_23' title='bbox 738 706 875 773; x_wconf 89' lang='lat' dir='ltr'><strong>Porcius</strong></span> <span class='ocrx_word' id='word_1_24' title='bbox 900 709 1021 789; x_wconf 88' lang='lat' dir='ltr'><strong>Laeca,</strong></span> <span class='ocrx_word' id='word_1_25' title='bbox 1046 708 1171 775; x_wconf 86' lang='lat' dir='ltr'><strong>Lucius</strong></span> <span class='ocrx_word' id='word_1_26' title='bbox 1196 711 1323 792; x_wconf 78' lang='lat' dir='ltr'>Bestia,</span> 
     </span>
     <span class='ocr_line' id='line_1_5' title="bbox 247 816 1319 918; baseline -0.014 -19"><span class='ocrx_word' id='word_1_27' title='bbox 247 832 390 918; x_wconf 81' lang='lat' dir='ltr'><strong>Quintus</strong></span> <span class='ocrx_word' id='word_1_28' title='bbox 415 823 552 891; x_wconf 88' lang='lat' dir='ltr'><strong>Curius:</strong></span> <span class='ocrx_word' id='word_1_29' title='bbox 575 830 759 907; x_wconf 79' lang='lat' dir='ltr'><strong>praeterea,</strong></span> <span class='ocrx_word' id='word_1_30' title='bbox 788 838 826 880; x_wconf 83' lang='lat' dir='ltr'><strong>ox</strong></span> <span class='ocrx_word' id='word_1_31' title='bbox 857 816 997 906; x_wconf 85' lang='lat' dir='ltr'><strong>equestri</strong></span> <span class='ocrx_word' id='word_1_32' title='bbox 1031 816 1162 898; x_wconf 89' lang='lat' dir='ltr'><strong>ordine,</strong></span> <span class='ocrx_word' id='word_1_33' title='bbox 1187 818 1319 885; x_wconf 84' lang='lat' dir='ltr'><strong>Marcus</strong></span> 
     </span>
     <span class='ocr_line' id='line_1_6' title="bbox 246 922 1318 1009; baseline -0.014 -4"><span class='ocrx_word' id='word_1_34' title='bbox 246 938 382 1009; x_wconf 69' lang='lat' dir='ltr'><strong>Fuluus</strong></span> <span class='ocrx_word' id='word_1_35' title='bbox 406 926 568 1006; x_wconf 86' lang='lat' dir='ltr'><strong>Nobilior,</strong></span> <span class='ocrx_word' id='word_1_36' title='bbox 593 923 715 989; x_wconf 86' lang='lat' dir='ltr'><strong>Lucius</strong></span> <span class='ocrx_word' id='word_1_37' title='bbox 734 922 900 1003; x_wconf 78' lang='lat' dir='ltr'><strong>Statilius,</strong></span> <span class='ocrx_word' id='word_1_38' title='bbox 925 923 1062 989; x_wconf 83' lang='lat' dir='ltr'><strong>Publius</strong></span> <span class='ocrx_word' id='word_1_39' title='bbox 1079 925 1240 997; x_wconf 81' lang='lat' dir='ltr'><strong>Gabinius</strong></span> <span class='ocrx_word' id='word_1_40' title='bbox 1258 927 1318 990; x_wconf 90' lang='lat' dir='ltr'><strong>Ca-</strong></span> 
     </span>
     <span class='ocr_line' id='line_1_7' title="bbox 242 1030 1317 1139; baseline -0.006 -35"><span class='ocrx_word' id='word_1_41' title='bbox 242 1046 331 1139; x_wconf 65' lang='lat' dir='ltr'><strong>pito,</strong></span> <span class='ocrx_word' id='word_1_42' title='bbox 356 1040 454 1121; x_wconf 87' lang='lat' dir='ltr'><strong>Cujus</strong></span> <span class='ocrx_word' id='word_1_43' title='bbox 472 1032 662 1096; x_wconf 88' lang='lat' dir='ltr'><strong>Cornelius:</strong></span> <span class='ocrx_word' id='word_1_44' title='bbox 688 1030 729 1095; x_wconf 90' lang='lat' dir='ltr'><strong>ad</strong></span> <span class='ocrx_word' id='word_1_45' title='bbox 752 1030 832 1112; x_wconf 92' lang='lat' dir='ltr'><strong>hoc,</strong></span> <span class='ocrx_word' id='word_1_46' title='bbox 853 1032 947 1096; x_wconf 90' lang='lat' dir='ltr'><strong>multi</strong></span> <span class='ocrx_word' id='word_1_47' title='bbox 971 1055 1009 1096; x_wconf 83' lang='lat' dir='ltr'><strong>ex</strong></span> <span class='ocrx_word' id='word_1_48' title='bbox 1033 1032 1170 1098; x_wconf 91' lang='lat' dir='ltr'><strong>coloniis</strong></span> <span class='ocrx_word' id='word_1_49' title='bbox 1195 1047 1227 1098; x_wconf 90' lang='lat' dir='ltr'><strong>et</strong></span> <span class='ocrx_word' id='word_1_50' title='bbox 1248 1056 1317 1098; x_wconf 91' lang='lat' dir='ltr'><strong>mu·</strong></span> 
     </span>
     <span class='ocr_line' id='line_1_8' title="bbox 243 1127 1316 1237; baseline -0.01 -22"><span class='ocrx_word' id='word_1_51' title='bbox 243 1147 372 1237; x_wconf 77' lang='lat' dir='ltr'><strong>nieipiis</strong></span> <span class='ocrx_word' id='word_1_52' title='bbox 386 1139 415 1223; x_wconf 86' lang='lat'><strong>³,</strong></span> <span class='ocrx_word' id='word_1_53' title='bbox 430 1140 516 1206; x_wconf 90' lang='lat' dir='ltr'><strong>domi</strong></span> <span class='ocrx_word' id='word_1_54' title='bbox 532 1138 655 1205; x_wconf 90' lang='lat' dir='ltr'><strong>nobiles</strong></span> <span class='ocrx_word' id='word_1_55' title='bbox 670 1127 688 1202; x_wconf 79' lang='lat'><strong>⁴.</strong></span> <span class='ocrx_word' id='word_1_56' title='bbox 707 1139 808 1206; x_wconf 81' lang='lat' dir='ltr'><strong>Erant</strong></span> <span class='ocrx_word' id='word_1_57' title='bbox 823 1153 988 1227; x_wconf 83' lang='lat' dir='ltr'><strong>praeterea</strong></span> <span class='ocrx_word' id='word_1_58' title='bbox 1004 1139 1186 1230; x_wconf 89' lang='lat' dir='ltr'><strong>complures</strong></span> <span class='ocrx_word' id='word_1_59' title='bbox 1206 1140 1316 1230; x_wconf 89' lang='lat' dir='ltr'><strong>paullo</strong></span> 
     </span>
     <span class='ocr_line' id='line_1_9' title="bbox 242 1245 1316 1337; baseline -0.007 -19"><span class='ocrx_word' id='word_1_60' title='bbox 242 1251 399 1325; x_wconf 71' lang='lat' dir='ltr'><strong>ooouttius</strong></span> <span class='ocrx_word' id='word_1_61' title='bbox 423 1247 550 1314; x_wconf 87' lang='lat' dir='ltr'><strong>consilii</strong></span> <span class='ocrx_word' id='word_1_62' title='bbox 565 1248 701 1331; x_wconf 86' lang='lat' dir='ltr'><strong>hujusce</strong></span> <span class='ocrx_word' id='word_1_63' title='bbox 715 1245 890 1337; x_wconf 84' lang='lat' dir='ltr'><strong>participes</strong></span> <span class='ocrx_word' id='word_1_64' title='bbox 916 1246 1086 1332; x_wconf 84' lang='lat' dir='ltr'><strong>nobiles„</strong></span> <span class='ocrx_word' id='word_1_65' title='bbox 1110 1272 1192 1336; x_wconf 87' lang='lat' dir='ltr'><strong>quos</strong></span> <span class='ocrx_word' id='word_1_66' title='bbox 1216 1248 1316 1337; x_wconf 82' lang='lat' dir='ltr'><strong>magis</strong></span> 
     </span>
     <span class='ocr_line' id='line_1_10' title="bbox 241 1354 1315 1447; baseline -0.007 -19"><span class='ocrx_word' id='word_1_67' title='bbox 241 1357 467 1429; x_wconf 83' lang='lat' dir='ltr'><strong>dornitrationis</strong></span> <span class='ocrx_word' id='word_1_68' title='bbox 492 1377 563 1447; x_wconf 88' lang='lat' dir='ltr'><strong>spes</strong></span> <span class='ocrx_word' id='word_1_69' title='bbox 586 1354 801 1436; x_wconf 90' lang='lat' dir='ltr'><strong>hortabatur,</strong></span> <span class='ocrx_word' id='word_1_70' title='bbox 818 1378 928 1445; x_wconf 78' lang='lat' dir='ltr'><strong>,quam</strong></span> <span class='ocrx_word' id='word_1_71' title='bbox 956 1354 1067 1446; x_wconf 89' lang='lat' dir='ltr'><strong>inopia</strong></span> <span class='ocrx_word' id='word_1_72' title='bbox 1095 1368 1151 1420; x_wconf 88' lang='lat' dir='ltr'><strong>aut</strong></span> <span class='ocrx_word' id='word_1_73' title='bbox 1176 1355 1237 1421; x_wconf 88' lang='lat' dir='ltr'><strong>alia</strong></span> <span class='ocrx_word' id='word_1_74' title='bbox 1261 1379 1315 1421; x_wconf 88' lang='lat' dir='ltr'><strong>ne·</strong></span> 
     </span>
     <span class='ocr_line' id='line_1_11' title="bbox 240 1461 1414 1553; baseline -0.008 -18"><span class='ocrx_word' id='word_1_75' title='bbox 240 1464 419 1535; x_wconf 77' lang='lat' dir='ltr'><strong>certitudo:</strong></span> <span class='ocrx_word' id='word_1_76' title='bbox 445 1478 606 1529; x_wconf 89' lang='lat' dir='ltr'><strong>caeterum</strong></span> <span class='ocrx_word' id='word_1_77' title='bbox 628 1465 783 1547; x_wconf 86' lang='lat' dir='ltr'><strong>juventus</strong></span> <span class='ocrx_word' id='word_1_78' title='bbox 805 1463 979 1553; x_wconf 80' lang='lat' dir='ltr'><strong>pleraque,</strong></span> <span class='ocrx_word' id='word_1_79' title='bbox 1008 1461 1064 1527; x_wconf 89' lang='lat' dir='ltr'><strong>sed</strong></span> <span class='ocrx_word' id='word_1_80' title='bbox 1088 1485 1236 1528; x_wconf 81' lang='lat' dir='ltr'><strong>maxume</strong></span> <span class='ocrx_word' id='word_1_81' title='bbox 1260 1486 1316 1528; x_wconf 91' lang='lat' dir='ltr'><strong>no·</strong></span> <span class='ocrx_word' id='word_1_82' title='bbox 1411 1520 1414 1526; x_wconf 87' lang='lat'>.</span> 
     </span>
     <span class='ocr_line' id='line_1_12' title="bbox 238 1568 1316 1659; baseline -0.002 -22"><span class='ocrx_word' id='word_1_83' title='bbox 238 1574 371 1652; x_wconf 84' lang='lat' dir='ltr'><strong>bilium,</strong></span> <span class='ocrx_word' id='word_1_84' title='bbox 397 1572 554 1636; x_wconf 84' lang='lat' dir='ltr'><strong>Catilinae</strong></span> <span class='ocrx_word' id='word_1_85' title='bbox 577 1570 714 1659; x_wconf 89' lang='lat' dir='ltr'><strong>inceptis</strong></span> <span class='ocrx_word' id='word_1_86' title='bbox 738 1568 882 1637; x_wconf 82' lang='lat' dir='ltr'><strong>favebat:</strong></span> <span class='ocrx_word' id='word_1_87' title='bbox 899 1569 1017 1659; x_wconf 89' lang='lat' dir='ltr'><strong>quibus</strong></span> <span class='ocrx_word' id='word_1_88' title='bbox 1038 1570 1072 1634; x_wconf 92' lang='lat' dir='ltr'><strong>in</strong></span> <span class='ocrx_word' id='word_1_89' title='bbox 1098 1571 1163 1635; x_wconf 91' lang='lat' dir='ltr'><strong>otio</strong></span> <span class='ocrx_word' id='word_1_90' title='bbox 1184 1571 1235 1638; x_wconf 82' lang='lat' dir='ltr'><strong>vel</strong></span> <span class='ocrx_word' id='word_1_91' title='bbox 1250 1594 1316 1636; x_wconf 88' lang='lat' dir='ltr'><strong>ma·</strong></span> 
     </span>
     <span class='ocr_line' id='line_1_13' title="bbox 239 1677 1317 1769; baseline -0.001 -24"><span class='ocrx_word' id='word_1_92' title='bbox 239 1678 374 1769; x_wconf 79' lang='lat' dir='ltr'><strong>gnifica,</strong></span> <span class='ocrx_word' id='word_1_93' title='bbox 397 1679 449 1745; x_wconf 89' lang='lat' dir='ltr'><strong>vel</strong></span> <span class='ocrx_word' id='word_1_94' title='bbox 471 1678 610 1745; x_wconf 90' lang='lat' dir='ltr'><strong>molliter</strong></span> <span class='ocrx_word' id='word_1_95' title='bbox 633 1679 744 1744; x_wconf 86' lang='lat' dir='ltr'><strong>vivere</strong></span> <span class='ocrx_word' id='word_1_96' title='bbox 765 1677 859 1768; x_wconf 92' lang='lat' dir='ltr'><strong>copia</strong></span> <span class='ocrx_word' id='word_1_97' title='bbox 878 1692 966 1758; x_wconf 91' lang='lat' dir='ltr'><strong>erat,</strong></span> <span class='ocrx_word' id='word_1_98' title='bbox 981 1677 1104 1743; x_wconf 88' lang='lat' dir='ltr'><strong>incerta</strong></span> <span class='ocrx_word' id='word_1_99' title='bbox 1119 1701 1179 1768; x_wconf 92' lang='lat' dir='ltr'><strong>pro</strong></span> <span class='ocrx_word' id='word_1_100' title='bbox 1205 1679 1317 1760; x_wconf 88' lang='lat' dir='ltr'><strong>certis,</strong></span> 
     </span>
     <span class='ocr_line' id='line_1_14' title="bbox 237 1785 1317 1876; baseline -0.003 -23"><span class='ocrx_word' id='word_1_101' title='bbox 237 1787 359 1853; x_wconf 87' lang='lat' dir='ltr'><strong>bellum</strong></span> <span class='ocrx_word' id='word_1_102' title='bbox 382 1808 478 1876; x_wconf 90' lang='lat' dir='ltr'><strong>quam</strong></span> <span class='ocrx_word' id='word_1_103' title='bbox 500 1807 613 1876; x_wconf 89' lang='lat' dir='ltr'><strong>pacem</strong></span> <span class='ocrx_word' id='word_1_104' title='bbox 633 1785 801 1850; x_wconf 89' lang='lat' dir='ltr'><strong>malebant.</strong></span> <span class='ocrx_word' id='word_1_105' title='bbox 827 1786 932 1849; x_wconf 86' lang='lat' dir='ltr'><strong>Fuere</strong></span> <span class='ocrx_word' id='word_1_106' title='bbox 955 1785 1031 1849; x_wconf 88' lang='lat' dir='ltr'><strong>item</strong></span> <span class='ocrx_word' id='word_1_107' title='bbox 1058 1807 1095 1875; x_wconf 80' lang='lat' dir='ltr'><strong>ea</strong></span> <span class='ocrx_word' id='word_1_108' title='bbox 1116 1799 1317 1875; x_wconf 86' lang='lat' dir='ltr'><strong>tempestate,</strong></span> 
     </span>
     <span class='ocr_line' id='line_1_15' title="bbox 240 1893 1317 1985; baseline -0.002 -26"><span class='ocrx_word' id='word_1_109' title='bbox 240 1895 298 1985; x_wconf 89' lang='lat' dir='ltr'><strong>qui</strong></span> <span class='ocrx_word' id='word_1_110' title='bbox 321 1893 485 1958; x_wconf 83' lang='lat' dir='ltr'><strong>crederent</strong></span> <span class='ocrx_word' id='word_1_111' title='bbox 510 1894 657 1958; x_wconf 88' lang='lat' dir='ltr'><strong>Marcum</strong></span> <span class='ocrx_word' id='word_1_112' title='bbox 678 1893 844 1957; x_wconf 88' lang='lat' dir='ltr'><strong>Licinium</strong></span> <span class='ocrx_word' id='word_1_113' title='bbox 873 1893 1053 1966; x_wconf 68' lang='lat' dir='ltr'><strong>Crassum,</strong></span> <span class='ocrx_word' id='word_1_114' title='bbox 1077 1914 1143 1956; x_wconf 89' lang='lat' dir='ltr'><strong>non</strong></span> <span class='ocrx_word' id='word_1_115' title='bbox 1167 1893 1317 1982; x_wconf 82' lang='lat' dir='ltr'><strong>ignarum</strong></span> 
     </span>
     <span class='ocr_line' id='line_1_16' title="bbox 240 1999 1317 2090; baseline -0.003 -23"><span class='ocrx_word' id='word_1_116' title='bbox 240 2005 310 2086; x_wconf 82' lang='lat' dir='ltr'><strong>ojus</strong></span> <span class='ocrx_word' id='word_1_117' title='bbox 335 2002 461 2065; x_wconf 91' lang='lat' dir='ltr'><strong>consilii</strong></span> <span class='ocrx_word' id='word_1_118' title='bbox 485 2001 602 2066; x_wconf 87' lang='lat' dir='ltr'><strong>fuisse:</strong></span> <span class='ocrx_word' id='word_1_119' title='bbox 627 2000 704 2089; x_wconf 90' lang='lat' dir='ltr'><strong>quia</strong></span> <span class='ocrx_word' id='word_1_120' title='bbox 731 2001 852 2084; x_wconf 90' lang='lat' dir='ltr'><strong>Cnejus</strong></span> <span class='ocrx_word' id='word_1_121' title='bbox 877 2000 1207 2089; x_wconf 85' lang='lat' dir='ltr'><strong>Pompejus‚invisus</strong></span> <span class='ocrx_word' id='word_1_122' title='bbox 1231 1999 1317 2090; x_wconf 87' lang='lat' dir='ltr'><strong>ipsi,</strong></span> 
     </span>
     <span class='ocr_line' id='line_1_17' title="bbox 240 2107 1316 2199; baseline -0.003 -24"><span class='ocrx_word' id='word_1_123' title='bbox 240 2131 392 2199; x_wconf 82' lang='lat' dir='ltr'><strong>magnum</strong></span> <span class='ocrx_word' id='word_1_124' title='bbox 416 2109 589 2173; x_wconf 80' lang='lat' dir='ltr'><strong>exercitum</strong></span> <span class='ocrx_word' id='word_1_125' title='bbox 613 2107 784 2185; x_wconf 86' lang='lat' dir='ltr'><strong>ductabat;</strong></span> <span class='ocrx_word' id='word_1_126' title='bbox 808 2109 952 2192; x_wconf 84' lang='lat' dir='ltr'><strong>cujusvis</strong></span> <span class='ocrx_word' id='word_1_127' title='bbox 977 2130 1054 2198; x_wconf 90' lang='lat' dir='ltr'><strong>opes</strong></span> <span class='ocrx_word' id='word_1_128' title='bbox 1075 2108 1217 2175; x_wconf 86' lang='lat' dir='ltr'><strong>voluisse</strong></span> <span class='ocrx_word' id='word_1_129' title='bbox 1240 2129 1316 2173; x_wconf 88' lang='lat' dir='ltr'><strong>con-</strong></span> 
     </span>
     <span class='ocr_line' id='line_1_18' title="bbox 240 2213 1317 2306; baseline -0.002 -24"><span class='ocrx_word' id='word_1_130' title='bbox 240 2231 290 2282; x_wconf 88' lang='lat' dir='ltr'><strong>tra</strong></span> <span class='ocrx_word' id='word_1_131' title='bbox 307 2215 393 2281; x_wconf 90' lang='lat' dir='ltr'><strong>illius</strong></span> <span class='ocrx_word' id='word_1_132' title='bbox 409 2216 584 2306; x_wconf 88' lang='lat' dir='ltr'><strong>potentiam</strong></span> <span class='ocrx_word' id='word_1_133' title='bbox 601 2238 762 2281; x_wconf 88' lang='lat' dir='ltr'><strong>erescere:</strong></span> <span class='ocrx_word' id='word_1_134' title='bbox 777 2216 875 2279; x_wconf 90' lang='lat' dir='ltr'><strong>simul</strong></span> <span class='ocrx_word' id='word_1_135' title='bbox 889 2213 1066 2295; x_wconf 89' lang='lat' dir='ltr'><strong>confisum,</strong></span> <span class='ocrx_word' id='word_1_136' title='bbox 1082 2215 1110 2279; x_wconf 91' lang='lat' dir='ltr'><strong>si</strong></span> <span class='ocrx_word' id='word_1_137' title='bbox 1133 2215 1317 2299; x_wconf 87' lang='lat' dir='ltr'><strong>conjuratio</strong></span> 
     </span>
     <span class='ocr_line' id='line_1_19' title="bbox 239 2320 1309 2413; baseline -0.006 -21"><span class='ocrx_word' id='word_1_138' title='bbox 239 2324 406 2403; x_wconf 72' lang='lat' dir='ltr'><strong>valuisset,</strong></span> <span class='ocrx_word' id='word_1_139' title='bbox 420 2322 513 2389; x_wconf 85' lang='lat' dir='ltr'><strong>facile</strong></span> <span class='ocrx_word' id='word_1_140' title='bbox 537 2322 624 2413; x_wconf 86' lang='lat' dir='ltr'><strong>apud</strong></span> <span class='ocrx_word' id='word_1_141' title='bbox 647 2323 720 2387; x_wconf 88' lang='lat' dir='ltr'><strong>illos</strong></span> <span class='ocrx_word' id='word_1_142' title='bbox 744 2322 926 2413; x_wconf 89' lang='lat' dir='ltr'><strong>principem</strong></span> <span class='ocrx_word' id='word_1_143' title='bbox 951 2346 984 2387; x_wconf 91' lang='lat' dir='ltr'><strong>se</strong></span> <span class='ocrx_word' id='word_1_144' title='bbox 1009 2321 1085 2387; x_wconf 85' lang='lat' dir='ltr'><strong>fore.</strong></span> <span class='ocrx_word' id='word_1_145' title='bbox 1104 2320 1170 2387; x_wconf 86' lang='lat' dir='ltr'><strong>Sed</strong></span> <span class='ocrx_word' id='word_1_146' title='bbox 1194 2321 1309 2386; x_wconf 78' lang='lat' dir='ltr'><strong>antea&#39;</strong></span> 
     </span>
    </p>
   </div>
   <div class='ocr_carea' id='block_1_3' title="bbox 238 2427 1315 2735">
    <p class='ocr_par' dir='ltr' id='par_1_3' title="bbox 238 2427 1315 2735">
     <span class='ocr_line' id='line_1_20' title="bbox 238 2427 1315 2522; baseline 0 -27"><span class='ocrx_word' id='word_1_147' title='bbox 238 2430 315 2496; x_wconf 78' lang='lat' dir='ltr'><strong>item</strong></span> <span class='ocrx_word' id='word_1_148' title='bbox 338 2434 545 2514; x_wconf 83' lang='lat' dir='ltr'><strong>conjuravere</strong></span> <span class='ocrx_word' id='word_1_149' title='bbox 573 2429 669 2522; x_wconf 86' lang='lat' dir='ltr'><strong>pauci</strong></span> <span class='ocrx_word' id='word_1_150' title='bbox 699 2444 811 2495; x_wconf 91' lang='lat' dir='ltr'><strong>contra</strong></span> <span class='ocrx_word' id='word_1_151' title='bbox 839 2429 1108 2519; x_wconf 88' lang='lat' dir='ltr'><strong>Rempublicam,</strong></span> <span class='ocrx_word' id='word_1_152' title='bbox 1135 2428 1169 2494; x_wconf 91' lang='lat' dir='ltr'><strong>in</strong></span> <span class='ocrx_word' id='word_1_153' title='bbox 1194 2427 1315 2519; x_wconf 88' lang='lat' dir='ltr'><strong>quibus</strong></span> 
     </span>
     <span class='ocr_line' id='line_1_21' title="bbox 241 2525 1261 2627; baseline -0.001 -26"><span class='ocrx_word' id='word_1_154' title='bbox 241 2538 380 2602; x_wconf 81' lang='lat' dir='ltr'><strong>Catilina</strong></span> <span class='ocrx_word' id='word_1_155' title='bbox 403 2537 472 2603; x_wconf 86' lang='lat' dir='ltr'><strong>fuit.</strong></span> <span class='ocrx_word' id='word_1_156' title='bbox 497 2539 549 2602; x_wconf 91' lang='lat' dir='ltr'><strong>De</strong></span> <span class='ocrx_word' id='word_1_157' title='bbox 573 2525 664 2626; x_wconf 77' lang='lat' dir='ltr'><strong>quo⁸</strong></span> <span class='ocrx_word' id='word_1_158' title='bbox 687 2559 784 2626; x_wconf 84' lang='lat' dir='ltr'><strong>quam</strong></span> <span class='ocrx_word' id='word_1_159' title='bbox 808 2538 985 2604; x_wconf 84' lang='lat' dir='ltr'><strong>verissume</strong></span> <span class='ocrx_word' id='word_1_160' title='bbox 1009 2551 1123 2627; x_wconf 88' lang='lat' dir='ltr'><strong>potero</strong></span> <span class='ocrx_word' id='word_1_161' title='bbox 1147 2536 1261 2603; x_wconf 87' lang='lat' dir='ltr'><strong>dicam.</strong></span> 
     </span>
     <span class='ocr_line' id='line_1_22' title="bbox 286 2643 1315 2735; baseline 0 -25"><span class='ocrx_word' id='word_1_162' title='bbox 286 2643 416 2710; x_wconf 89' lang='lat' dir='ltr'>XVIII.</span> <span class='ocrx_word' id='word_1_163' title='bbox 441 2644 545 2708; x_wconf 91' lang='lat' dir='ltr'><strong>Lucio</strong></span> <span class='ocrx_word' id='word_1_164' title='bbox 570 2643 685 2723; x_wconf 85' lang='lat' dir='ltr'><strong>Tullo,</strong></span> <span class='ocrx_word' id='word_1_165' title='bbox 710 2645 822 2709; x_wconf 88' lang='lat' dir='ltr'><strong>Marco</strong></span> <span class='ocrx_word' id='word_1_166' title='bbox 846 2643 971 2735; x_wconf 90' lang='lat' dir='ltr'><strong>Lepido</strong></span> <span class='ocrx_word' id='word_1_167' title='bbox 996 2668 1076 2710; x_wconf 86' lang='lat' dir='ltr'><strong>coss.</strong></span> <span class='ocrx_word' id='word_1_168' title='bbox 1092 2644 1230 2710; x_wconf 90' lang='lat' dir='ltr'><strong>Publius</strong></span> <span class='ocrx_word' id='word_1_169' title='bbox 1246 2643 1315 2710; x_wconf 84' lang='lat' dir='ltr'><strong>Au·</strong></span> 
     </span>
    </p>
   </div>
   <div class='ocr_carea' id='block_1_4' title="bbox 239 2751 1382 2842">
    <p class='ocr_par' dir='ltr' id='par_1_4' title="bbox 239 2751 1382 2842">
     <span class='ocr_line' id='line_1_23' title="bbox 239 2751 1382 2842; baseline 0.003 -25"><span class='ocrx_word' id='word_1_170' title='bbox 239 2751 383 2829; x_wconf 65' lang='lat' dir='ltr'><strong>bonius,</strong></span> <span class='ocrx_word' id='word_1_171' title='bbox 413 2764 444 2815; x_wconf 89' lang='lat' dir='ltr'><strong>et</strong></span> <span class='ocrx_word' id='word_1_172' title='bbox 473 2751 609 2817; x_wconf 89' lang='lat' dir='ltr'><strong>Publius</strong></span> <span class='ocrx_word' id='word_1_173' title='bbox 636 2751 746 2832; x_wconf 86' lang='lat' dir='ltr'><strong>Sulla,</strong></span> <span class='ocrx_word' id='word_1_174' title='bbox 773 2752 931 2842; x_wconf 86' lang='lat' dir='ltr'><strong>designati</strong></span> <span class='ocrx_word' id='word_1_175' title='bbox 956 2752 1106 2819; x_wconf 87' lang='lat' dir='ltr'><strong>consules</strong></span> <span class='ocrx_word' id='word_1_176' title='bbox 1128 2785 1159 2835; x_wconf 72' lang='lat' dir='ltr'><strong>s,</strong></span> <span class='ocrx_word' id='word_1_177' title='bbox 1189 2752 1315 2842; x_wconf 83' lang='lat' dir='ltr'><strong>legibus</strong></span> <span class='ocrx_word' id='word_1_178' title='bbox 1378 2817 1382 2830; x_wconf 88' lang='grc'><strong><em>,</em></strong></span> 
     </span>
    </p>
   </div>
   <div class='ocr_carea' id='block_1_5' title="bbox 172 2971 1315 4102">
    <p class='ocr_par' dir='ltr' id='par_1_5' title="bbox 146 2971 1315 4102">
     <span class='ocr_line' id='line_1_24' title="bbox 265 2971 1314 3049; baseline 0.006 -20"><span class='ocrx_word' id='word_1_179' title='bbox 265 2993 274 3029; x_wconf 87' lang='grc' dir='ltr'><strong>ι</strong></span> <span class='ocrx_word' id='word_1_180' title='bbox 300 2971 411 3028; x_wconf 89' lang='lat' dir='ltr'><strong>Consul</strong></span> <span class='ocrx_word' id='word_1_181' title='bbox 425 2971 599 3049; x_wconf 86' lang='lat' dir='ltr'><strong>designatus,</strong></span> <span class='ocrx_word' id='word_1_182' title='bbox 614 2971 649 3030; x_wconf 91' lang='lat' dir='ltr'><strong>de</strong></span> <span class='ocrx_word' id='word_1_183' title='bbox 662 2974 753 3031; x_wconf 88' lang='lat' dir='ltr'><strong>ambi·</strong></span> <span class='ocrx_word' id='word_1_184' title='bbox 794 2977 918 3034; x_wconf 83' lang='lat' dir='ltr'><strong>Crassus</strong></span> <span class='ocrx_word' id='word_1_185' title='bbox 938 2977 998 3033; x_wconf 86' lang='lat' dir='ltr'><strong>suit.</strong></span> <span class='ocrx_word' id='word_1_186' title='bbox 1020 2975 1100 3034; x_wconf 90' lang='lat' dir='ltr'><strong>Bello</strong></span> <span class='ocrx_word' id='word_1_187' title='bbox 1112 2976 1227 3035; x_wconf 88' lang='lat' dir='ltr'><strong>Partieo</strong></span> <span class='ocrx_word' id='word_1_188' title='bbox 1247 2998 1314 3035; x_wconf 80' lang='lat' dir='ltr'><strong>cum</strong></span> 
     </span>
     <span class='ocr_line' id='line_1_25' title="bbox 242 3048 1174 3126; baseline 0.005 -21"><span class='ocrx_word' id='word_1_189' title='bbox 242 3061 275 3105; x_wconf 91' lang='lat' dir='ltr'><strong>tu</strong></span> <span class='ocrx_word' id='word_1_190' title='bbox 296 3049 505 3126; x_wconf 75' lang='lat' dir='ltr'><strong>interrogatus,</strong></span> <span class='ocrx_word' id='word_1_191' title='bbox 525 3048 586 3126; x_wconf 82' lang='lat' dir='ltr'><strong>lege</strong></span> <span class='ocrx_word' id='word_1_192' title='bbox 604 3050 755 3109; x_wconf 83' lang='lat' dir='ltr'><strong>darnnatus</strong></span> <span class='ocrx_word' id='word_1_193' title='bbox 793 3054 921 3111; x_wconf 75' lang='lat' dir='ltr'><strong>exmeitu</strong></span> <span class='ocrx_word' id='word_1_194' title='bbox 942 3052 1104 3110; x_wconf 88' lang='lat' dir='ltr'><strong>trucidatus</strong></span> <span class='ocrx_word' id='word_1_195' title='bbox 1124 3065 1174 3110; x_wconf 88' lang='lat' dir='ltr'><strong>est.</strong></span> 
     </span>
     <span class='ocr_line' id='line_1_26' title="bbox 241 3129 1314 3207; baseline 0.007 -27"><span class='ocrx_word' id='word_1_196' title='bbox 241 3138 295 3181; x_wconf 82' lang='lat' dir='ltr'><strong>est.</strong></span> <span class='ocrx_word' id='word_1_197' title='bbox 814 3150 831 3207; x_wconf 79' lang='lat'><strong>7</strong></span> <span class='ocrx_word' id='word_1_198' title='bbox 862 3129 1091 3204; x_wconf 86' lang='lat' dir='ltr'><strong>interrumpitur</strong></span> <span class='ocrx_word' id='word_1_199' title='bbox 1111 3129 1260 3198; x_wconf 87' lang='lat' dir='ltr'><strong>narratio,</strong></span> <span class='ocrx_word' id='word_1_200' title='bbox 1281 3143 1314 3188; x_wconf 94' lang='lat' dir='ltr'><strong>ut</strong></span> 
     </span>
     <span class='ocr_line' id='line_1_27' title="bbox 264 3201 1315 3282; baseline 0.008 -28"><span class='ocrx_word' id='word_1_201' title='bbox 264 3218 280 3254; x_wconf 82' lang='lat'>2</span> <span class='ocrx_word' id='word_1_202' title='bbox 300 3201 328 3257; x_wconf 93' lang='lat' dir='ltr'><strong>Is</strong></span> <span class='ocrx_word' id='word_1_203' title='bbox 347 3203 428 3275; x_wconf 85' lang='lat' dir='ltr'><strong>juxta</strong></span> <span class='ocrx_word' id='word_1_204' title='bbox 440 3201 609 3259; x_wconf 86' lang='lat' dir='ltr'><strong>Ciceronem</strong></span> <span class='ocrx_word' id='word_1_205' title='bbox 623 3201 677 3261; x_wconf 89' lang='lat' dir='ltr'><strong>sibi</strong></span> <span class='ocrx_word' id='word_1_206' title='bbox 687 3224 757 3280; x_wconf 89' lang='lat' dir='ltr'><strong>pro·</strong></span> <span class='ocrx_word' id='word_1_207' title='bbox 796 3206 958 3282; x_wconf 86' lang='lat' dir='ltr'><strong>conjuratio</strong></span> <span class='ocrx_word' id='word_1_208' title='bbox 970 3203 1024 3260; x_wconf 89' lang='lat' dir='ltr'><strong>alia</strong></span> <span class='ocrx_word' id='word_1_209' title='bbox 1036 3205 1211 3281; x_wconf 83' lang='lat' dir='ltr'><strong>attingatur,</strong></span> <span class='ocrx_word' id='word_1_210' title='bbox 1232 3207 1315 3281; x_wconf 81' lang='lat' dir='ltr'><strong>cujus</strong></span> 
     </span>
     <span class='ocr_line' id='line_1_28' title="bbox 244 3277 1315 3348; baseline 0.008 -18"><span class='ocrx_word' id='word_1_211' title='bbox 244 3277 421 3333; x_wconf 85' lang='lat' dir='ltr'><strong>curationem</strong></span> <span class='ocrx_word' id='word_1_212' title='bbox 450 3278 646 3336; x_wconf 84' lang='lat' dir='ltr'><strong>incendendae</strong></span> <span class='ocrx_word' id='word_1_213' title='bbox 677 3281 758 3338; x_wconf 90' lang='lat' dir='ltr'><strong>urbis</strong></span> <span class='ocrx_word' id='word_1_214' title='bbox 797 3296 898 3338; x_wconf 91' lang='lat' dir='ltr'><strong>auctor</strong></span> <span class='ocrx_word' id='word_1_215' title='bbox 926 3281 981 3337; x_wconf 83' lang='lat' dir='ltr'><strong>luit</strong></span> <span class='ocrx_word' id='word_1_216' title='bbox 1013 3281 1153 3348; x_wconf 90' lang='lat' dir='ltr'><strong>Crassus,</strong></span> <span class='ocrx_word' id='word_1_217' title='bbox 1202 3281 1315 3339; x_wconf 82' lang='lat' dir='ltr'><strong>uamvis</strong></span> 
     </span>
     <span class='ocr_line' id='line_1_29' title="bbox 243 3302 1303 3482; baseline 0.01 -76"><span class='ocrx_word' id='word_1_218' title='bbox 243 3351 459 3482; x_wconf 73' lang='lat' dir='ltr'><strong>deppposccrat.</strong></span> <span class='ocrx_word' id='word_1_219' title='bbox 543 3408 551 3421; x_wconf 72' lang='lat'>‚</span> <span class='ocrx_word' id='word_1_220' title='bbox 796 3359 892 3414; x_wconf 89' lang='lat' dir='ltr'><strong>studio</strong></span> <span class='ocrx_word' id='word_1_221' title='bbox 911 3357 942 3412; x_wconf 93' lang='lat' dir='ltr'><strong>id</strong></span> <span class='ocrx_word' id='word_1_222' title='bbox 962 3355 1121 3414; x_wconf 88' lang='lat' dir='ltr'><strong>dissimulet</strong></span> <span class='ocrx_word' id='word_1_223' title='bbox 1141 3302 1303 3417; x_wconf 83' lang='lat' dir='ltr'><strong>Sallustius.</strong></span> 
     </span>
     <span class='ocr_line' id='line_1_30' title="bbox 262 3426 1313 3508; baseline 0.007 -24"><span class='ocrx_word' id='word_1_224' title='bbox 262 3426 280 3484; x_wconf 79' lang='lat'>3</span> <span class='ocrx_word' id='word_1_225' title='bbox 328 3426 404 3483; x_wconf 87' lang='lat' dir='ltr'><strong>oloni</strong></span> <span class='ocrx_word' id='word_1_226' title='bbox 431 3427 565 3486; x_wconf 86' lang='lat' dir='ltr'><strong>dicuntur</strong></span> <span class='ocrx_word' id='word_1_227' title='bbox 584 3431 707 3487; x_wconf 85' lang='lat' dir='ltr'><strong>Romani</strong></span> <span class='ocrx_word' id='word_1_228' title='bbox 726 3433 757 3490; x_wconf 87' lang='lat' dir='ltr'><strong>in</strong></span> <span class='ocrx_word' id='word_1_229' title='bbox 815 3433 948 3502; x_wconf 86' lang='lat' dir='ltr'><strong>81dest,</strong></span> <span class='ocrx_word' id='word_1_230' title='bbox 969 3433 1005 3488; x_wconf 88' lang='lat' dir='ltr'><strong>de</strong></span> <span class='ocrx_word' id='word_1_231' title='bbox 1025 3454 1083 3508; x_wconf 91' lang='lat' dir='ltr'><strong>qua</strong></span> <span class='ocrx_word' id='word_1_232' title='bbox 1105 3433 1313 3508; x_wconf 77' lang='lat' dir='ltr'><strong>conjuratione.</strong></span> 
     </span>
     <span class='ocr_line' id='line_1_31' title="bbox 244 3503 1314 3586; baseline 0.005 -26"><span class='ocrx_word' id='word_1_233' title='bbox 244 3503 328 3560; x_wconf 86' lang='lat' dir='ltr'><strong>aliam</strong></span> <span class='ocrx_word' id='word_1_234' title='bbox 357 3503 498 3561; x_wconf 86' lang='lat' dir='ltr'><strong>civitatem</strong></span> <span class='ocrx_word' id='word_1_235' title='bbox 527 3507 665 3576; x_wconf 81' lang='lat' dir='ltr'><strong>traducti3</strong></span> <span class='ocrx_word' id='word_1_236' title='bbox 691 3511 755 3583; x_wconf 87' lang='lat' dir='ltr'><strong>jura</strong></span> <span class='ocrx_word' id='word_1_237' title='bbox 813 3509 893 3586; x_wconf 89' lang='lat' dir='ltr'><strong>9Ne</strong></span> <span class='ocrx_word' id='word_1_238' title='bbox 906 3510 1007 3567; x_wconf 79' lang='lat' dir='ltr'><strong>turbae</strong></span> <span class='ocrx_word' id='word_1_239' title='bbox 1020 3509 1122 3564; x_wconf 87' lang='lat' dir='ltr'><strong>fierent</strong></span> <span class='ocrx_word' id='word_1_240' title='bbox 1134 3510 1163 3564; x_wconf 92' lang='lat' dir='ltr'><strong>in</strong></span> <span class='ocrx_word' id='word_1_241' title='bbox 1173 3509 1314 3584; x_wconf 89' lang='lat' dir='ltr'><strong>Republi-</strong></span> 
     </span>
     <span class='ocr_line' id='line_1_32' title="bbox 243 3579 1314 3656; baseline 0.007 -22"><span class='ocrx_word' id='word_1_242' title='bbox 243 3579 754 3656; x_wconf 82' lang='lat' dir='ltr'><strong>institutaquePopRomhabebant:</strong></span> <span class='ocrx_word' id='word_1_243' title='bbox 796 3607 846 3653; x_wconf 88' lang='lat' dir='ltr'><strong>ca,</strong></span> <span class='ocrx_word' id='word_1_244' title='bbox 867 3586 1033 3641; x_wconf 89' lang='lat' dir='ltr'><strong>centuriatis</strong></span> <span class='ocrx_word' id='word_1_245' title='bbox 1054 3585 1191 3653; x_wconf 76' lang='lat' dir='ltr'><strong>consitiis,</strong></span> <span class='ocrx_word' id='word_1_246' title='bbox 1205 3605 1221 3638; x_wconf 87' lang='lat' dir='ltr'><strong>a</strong></span> <span class='ocrx_word' id='word_1_247' title='bbox 1245 3606 1314 3641; x_wconf 89' lang='lat' dir='ltr'><strong>con-</strong></span> 
     </span>
     <span class='ocr_line' id='line_1_33' title="bbox 243 3655 1314 3738; baseline 0.007 -29"><span class='ocrx_word' id='word_1_248' title='bbox 243 3655 405 3732; x_wconf 84' lang='lat' dir='ltr'><strong>Municipes</strong></span> <span class='ocrx_word' id='word_1_249' title='bbox 426 3677 476 3712; x_wconf 89' lang='lat' dir='ltr'><strong>suo</strong></span> <span class='ocrx_word' id='word_1_250' title='bbox 487 3660 550 3732; x_wconf 87' lang='lat' dir='ltr'><strong>jure</strong></span> <span class='ocrx_word' id='word_1_251' title='bbox 561 3671 590 3716; x_wconf 91' lang='lat' dir='ltr'><strong>et</strong></span> <span class='ocrx_word' id='word_1_252' title='bbox 609 3659 667 3716; x_wconf 86' lang='lat' dir='ltr'><strong>suis</strong></span> <span class='ocrx_word' id='word_1_253' title='bbox 687 3660 757 3738; x_wconf 78' lang='lat' dir='ltr'><strong>legi-</strong></span> <span class='ocrx_word' id='word_1_254' title='bbox 796 3661 858 3729; x_wconf 83' lang='lat' dir='ltr'><strong>sule</strong></span> <span class='ocrx_word' id='word_1_255' title='bbox 878 3663 1023 3736; x_wconf 88' lang='lat' dir='ltr'><strong>sequentis</strong></span> <span class='ocrx_word' id='word_1_256' title='bbox 1034 3662 1102 3717; x_wconf 88' lang='lat' dir='ltr'><strong>anni</strong></span> <span class='ocrx_word' id='word_1_257' title='bbox 1123 3659 1255 3717; x_wconf 88' lang='lat' dir='ltr'><strong>consules</strong></span> <span class='ocrx_word' id='word_1_258' title='bbox 1267 3680 1314 3717; x_wconf 89' lang='lat' dir='ltr'><strong>rc·</strong></span> 
     </span>
     <span class='ocr_line' id='line_1_34' title="bbox 243 3728 1314 3812; baseline 0.007 -25"><span class='ocrx_word' id='word_1_259' title='bbox 243 3728 301 3787; x_wconf 84' lang='lat' dir='ltr'><strong>bus</strong></span> <span class='ocrx_word' id='word_1_260' title='bbox 320 3733 484 3795; x_wconf 68' lang='lat' dir='ltr'><strong>utebantur.</strong></span> <span class='ocrx_word' id='word_1_261' title='bbox 599 3762 602 3766; x_wconf 94' lang='lat'>·</span> <span class='ocrx_word' id='word_1_262' title='bbox 795 3738 1026 3806; x_wconf 88' lang='lat' dir='ltr'><strong>nunciabantur,</strong></span> <span class='ocrx_word' id='word_1_263' title='bbox 1048 3738 1098 3812; x_wconf 89' lang='lat' dir='ltr'><strong>qui</strong></span> <span class='ocrx_word' id='word_1_264' title='bbox 1119 3737 1156 3792; x_wconf 90' lang='lat' dir='ltr'><strong>ad</strong></span> <span class='ocrx_word' id='word_1_265' title='bbox 1168 3735 1314 3795; x_wconf 84' lang='lat' dir='ltr'><strong>Kalendas</strong></span> 
     </span>
     <span class='ocr_line' id='line_1_35' title="bbox 263 3803 1313 3937; baseline 0.008 -77"><span class='ocrx_word' id='word_1_266' title='bbox 263 3803 283 3937; x_wconf 52' lang='grc' dir='ltr'>ἒ</span> <span class='ocrx_word' id='word_1_267' title='bbox 301 3805 377 3864; x_wconf 86' lang='lat' dir='ltr'><strong>Idest</strong></span> <span class='ocrx_word' id='word_1_268' title='bbox 387 3810 426 3877; x_wconf 38' lang='lat' dir='ltr'><strong>,in</strong></span> <span class='ocrx_word' id='word_1_269' title='bbox 447 3829 497 3865; x_wconf 90' lang='lat' dir='ltr'><strong>sua</strong></span> <span class='ocrx_word' id='word_1_270' title='bbox 518 3808 638 3866; x_wconf 88' lang='lat' dir='ltr'><strong>civitate.</strong></span> <span class='ocrx_word' id='word_1_271' title='bbox 795 3834 858 3889; x_wconf 86' lang='lat' dir='ltr'><strong>usq.</strong></span> <span class='ocrx_word' id='word_1_272' title='bbox 871 3815 1032 3880; x_wconf 76' lang='lat' dir='ltr'><strong>Ianuarias,</strong></span> <span class='ocrx_word' id='word_1_273' title='bbox 1045 3814 1153 3888; x_wconf 90' lang='lat' dir='ltr'><strong>quibus</strong></span> <span class='ocrx_word' id='word_1_274' title='bbox 1164 3811 1313 3888; x_wconf 78' lang='lat' dir='ltr'><strong>magistra-</strong></span> 
     </span>
     <span class='ocr_line' id='line_1_36' title="bbox 305 3883 1313 3964; baseline 0.008 -28"><span class='ocrx_word' id='word_1_275' title='bbox 305 3883 441 3954; x_wconf 85' lang='lat' dir='ltr'><strong>Crassus,</strong></span> <span class='ocrx_word' id='word_1_276' title='bbox 467 3887 588 3956; x_wconf 88' lang='lat' dir='ltr'><strong>Caesar,</strong></span> <span class='ocrx_word' id='word_1_277' title='bbox 613 3887 756 3946; x_wconf 84' lang='lat' dir='ltr'><strong>Antonius</strong></span> <span class='ocrx_word' id='word_1_278' title='bbox 796 3889 1160 3964; x_wconf 82' lang='lat' dir='ltr'><strong>turninibant,designati</strong></span> <span class='ocrx_word' id='word_1_279' title='bbox 1176 3887 1313 3946; x_wconf 87' lang='lat' dir='ltr'><strong>diceban-</strong></span> 
     </span>
     <span class='ocr_line' id='line_1_37' title="bbox 246 3954 1313 4043; baseline 0.008 -28.229"><span class='ocrx_word' id='word_1_280' title='bbox 246 3954 390 4043; x_wconf 31' lang='lat' dir='ltr'><strong>aliique..</strong></span> <span class='ocrx_word' id='word_1_281' title='bbox 795 3977 859 4033; x_wconf 86' lang='lat' dir='ltr'><strong>tur,</strong></span> <span class='ocrx_word' id='word_1_282' title='bbox 880 3979 908 4020; x_wconf 83' lang='lat' dir='ltr'><strong>et</strong></span> <span class='ocrx_word' id='word_1_283' title='bbox 927 3964 1038 4021; x_wconf 87' lang='lat' dir='ltr'><strong>honore</strong></span> <span class='ocrx_word' id='word_1_284' title='bbox 1059 3985 1158 4022; x_wconf 88' lang='lat' dir='ltr'><strong>omnes</strong></span> <span class='ocrx_word' id='word_1_285' title='bbox 1184 3963 1313 4042; x_wconf 89' lang='lat' dir='ltr'><strong>reliquos</strong></span> 
     </span>
     <span class='ocr_line' id='line_1_38' title="bbox 172 4032 1178 4102; baseline 0.006 -10"><span class='ocrx_word' id='word_1_286' title='bbox 172 4062 175 4069; x_wconf 92' lang='lat'>·</span> <span class='ocrx_word' id='word_1_287' title='bbox 264 4032 443 4095; x_wconf 75' lang='lat' dir='ltr'><strong>sommum</strong></span> <span class='ocrx_word' id='word_1_288' title='bbox 468 4036 575 4096; x_wconf 86' lang='lat' dir='ltr'><strong>Romae</strong></span> <span class='ocrx_word' id='word_1_289' title='bbox 604 4036 759 4098; x_wconf 88' lang='lat' dir='ltr'><strong>ditissimus</strong></span> <span class='ocrx_word' id='word_1_290' title='bbox 799 4053 943 4100; x_wconf 84' lang='lat' dir='ltr'><strong>senatores</strong></span> <span class='ocrx_word' id='word_1_291' title='bbox 963 4040 1178 4102; x_wconf 73' lang='lat' dir='ltr'><strong>antecedebant.</strong></span> 
     </span>
    </p>
   </div>
   <div class='ocr_carea' id='block_1_6' title="bbox 0 0 1448 4748">
    <p class='ocr_par' dir='ltr' id='par_1_6' title="bbox 0 0 1448 4748">
     <span class='ocr_line' id='line_1_39' title="bbox 0 0 1448 4748; baseline 0 3"><span class='ocrx_word' id='word_1_292' title='bbox 0 0 1448 4748; x_wconf 95' lang='lat' dir='ltr'><strong> </strong></span> 
     </span>
    </p>
   </div>
  </div>
 </body>
</html>
