2888 4748
340 304 661 394 HISTORIARUM
686 295 971 368 FRAGMENTA
1135 289 1200 367 255

134 506 144 548 t
205 459 290 548 nes
316 460 446 524 Mass
559 454 615 517 ss
642 451 791 517 nunu
1034 497 1038 503 .

206 573 304 633 MSS.
329 568 411 631 Bidl.
436 567 507 648 lleg.
533 563 616 624 Serv.
640 577 673 624 et
696 563 729 622 in
755 560 852 623 MSS.
877 557 960 622 Bill.
980 553 1132 622 Chevant'i
1148 557 1202 620 Di-

204 700 302 739 stone.

199 752 298 838 Crudelis
308 791 431 836 immunitus
441 797 464 834 et
473 787 517 833 alis
527 787 624 832 nemora
636 784 783 840 lugitivorum.

141 875 215 947 312.
241 884 335 972 Ingre
359 932 366 945 .
390 931 397 944 .
423 931 429 942 .
454 893 604 947 tante
630 928 637 939 .
662 877 744 942 setui
759 873 955 941 dehaerittur
979 926 985 939 .
1012 925 1018 939 .
1043 869 1083 938 Γ.
1109 871 1155 936 Id.

199 1000 258 1046 luta.
453 1061 456 1067 Ι

142 1093 216 1159 3ι3.
242 1088 422 1154 Nefandum
445 1083 479 1149 in
500 1081 630 1150 modum
651 1108 800 1175 perverso
823 1085 969 1164 vulnere,
990 1099 1022 1149 et
1044 1083 1210 1148 interdum

206 1201 347 1262 lacerum
363 1216 479 1283 corpus
496 1192 717 1271 semianimum
734 1191 928 1272 omittentes,
944 1189 999 1254 alii
1013 1191 1045 1252 in
1063 1205 1145 1254 tecta
1161 1193 1205 1272 je-

207 1304 334 1387 eiebant
351 1301 458 1388 ignes,
478 1299 634 1386 multique
658 1321 695 1362 ex
719 1298 790 1361 loeo
816 1297 915 1376 servi,
937 1319 1017 1384 quos
1040 1295 1207 1384 ingenium
1305 1316 1311 1327 ’

134 1432 142 1445 ·
206 1409 312 1477 ⁴socios
327 1406 438 1488 dabat,
459 1404 565 1470 abdita
589 1427 608 1468 a
631 1402 769 1469 dominis
793 1416 848 1467 aut
870 1403 957 1491 ipsos
979 1391 1147 1467 trahebant
1170 1425 1208 1467 ex

208 1516 334 1582 occulto
344 1537 447 1603 neque
464 1525 610 1578 sanetum
625 1523 680 1574 aut
694 1507 1050 1601 nefandumpquiequam
1064 1500 1127 1572 fuit
1142 1508 1208 1573 irae

206 1623 415 1688 barbarorum
431 1633 461 1683 et
477 1616 584 1684 servili
599 1615 744 1703 ingenio:
762 1637 844 1703 quae
862 1613 1036 1703 Spartacus
1051 1615 1208 1703 nequiens

208 1715 394 1818 prohibere,
409 1724 519 1788 multis
538 1715 687 1811 precihus
710 1743 784 1786 cum
804 1734 924 1802 oraret,
943 1719 1102 1788 eeleritate
1118 1745 1209 1812 prae-

207 1826 711 1902 vertere....nuntios..·ld.

202 1955 263 2000 uta.
646 1962 648 1965 ·

144 2044 220 2122 3ι4.
246 2043 440 2130 Priusquam
466 2064 537 2105 eum
565 2039 690 2129 reliquo
720 2041 860 2108 exercitu
890 2041 1012 2108 adesset
1035 2041 1211 2127 Variniusj

210 2173 348 2241 propere
363 2162 500 2214 nanetus
522 2147 652 2214 idoneos
674 2171 717 2217 ess
741 2148 874 2215 callibus
897 2149 993 2216 duces
1001 2180 1018 2232 ,’
1033 2150 1212 2217 Picentinis

210 2257 325 2323 deinde
341 2255 482 2320 eburinis
497 2255 582 2345 jugis
605 2255 750 2320 occultus
774 2256 815 2320 ad
829 2260 922 2321 nor'es
939 2257 1099 2338 Lucanas,
1116 2272 1212 2347 atque

210 2365 286 2428 inde
301 2363 404 2452 prima
419 2362 492 2427 luce
508 2362 653 2452 pervenit
669 2361 708 2424 sd
724 2362 831 2448 Popili
851 2362 957 2427 forum
977 2362 1095 2450 ignaris
1112 2364 1212 2429 culto-

162 2517 165 2524 ·
210 2471 307 2536 ribus.
318 2468 368 2534 Ae
384 2470 490 2534 statim
505 2467 632 2556 fugitivi
648 2481 759 2532 eontra
773 2483 979 2557 praeceptum
991 2467 1082 2534 ducis
1099 2492 1213 2558 rapere

210 2576 253 2640 ad
272 2593 417 2662 stuprum
432 2575 590 2663 virgines,
608 2588 723 2639 matres
746 2588 777 2642 et
797 2575 866 2642 aliis
885 2575 1059 2640 sceleribus
1072 2601 1211 2663 operam

211 2684 298 2747 clare.
315 2721 340 2732 -·
355 2683 443 2747 Idem
459 2706 531 2747 oum
546 2681 700 2767 supplem.
775 2706 776 2709 ¹

142 2796 143 2802 ἵ
206 2802 266 2849 Ibit.

147 2894 220 2961 315.
247 2893 374 2959 Deinde
388 2893 515 2984 fugitivi
531 2891 725 2981 consumptis
741 2897 806 2979 jam
827 2891 1002 2976 alimentis,
1022 2917 1080 2960 nee
1099 2920 1213 2984 suppe-

211 3001 385 3074 ditantibus
409 3027 447 3067 ex
469 3004 666 3093 propinquo,
690 3001 964 3091 secundavigilia
993 3005 1102 3067 cuncti
1125 3026 1213 3093 egre·

211 3108 344 3173 diuntur
365 3109 477 3174 relicto
501 3110 704 3175 buccinatore
730 3111 763 3172 in'
789 3109 902 3173 eastris
925 3122 956 3173 et
972 3109 1012 3172 ad
1027 3110 1212 3198 vigiliarum

211 3218 348 3302 speeiem
364 3216 479 3303 procul
493 3216 608 3281 visenti
622 3215 827 3279 cadaveribus
847 3237 930 3300 quae
946 3230 1110 3280 erexerant
1129 3216 1212 3285 fulto

210 3320 312 3405 polis,
333 3345 392 3406 per
413 3319 538 3385 modice
561 3320 730 3386 intervalla
753 3336 828 3390 ante
850 3335 978 3406 portam
999 3323 1094 3409 fisis.
1121 3325 1211 3388 Idem

214 3429 335 3492 FreinS.

206 3546 265 3593 thid,
607 3589 608 3593 ,
956 3589 958 3594 .

77 3710 80 3719 ,
148 3639 221 3707 3ι6.
249 3637 415 3704 Cossinius
431 3637 464 3700 in
479 3659 634 3726 proxumo
649 3635 735 3704 lonte
750 3638 926 3708 lavabatur.
948 3633 1123 3705 Cledonius
1139 3665 1210 3730 cap.

212 3745 253 3810 cle
269 3745 368 3809 serlo.

207 3867 289 3912 cossio.
301 3869 354 3914 trib.
365 3867 431 3931 milit.
444 3882 456 3912 a
467 3867 565 3923 fugietur
576 3865 705 3923 interceptus
716 3876 737 3912 et
749 3869 840 3914 oscines.

148 3959 222 4057 317.
248 3961 284 4026 M
307 3984 343 4031 er
388 3961 506 4050 trequii
537 3969 661 4050 praeter
684 3985 739 4028 ss
768 3963 850 4026 siem
880 3956 1091 4028 neeessariam
1120 3958 1210 4028 haud
