2888 4748
396 310 716 385 HISTORIARUM
741 311 1027 386 FRAGMENTA·
1189 323 1253 389 225
1302 404 1304 408 Α

259 480 349 535 mum
364 463 447 555 bella
462 465 569 535 civilia
584 478 653 531 orta
667 477 762 531 sunt:
783 464 864 533 dum·
880 465 977 557 pauci
995 479 1158 556 potentes,
1177 494 1257 559 quo-

237 651 239 655 ·
257 594 331 639 rum
347 573 380 636 in
391 573 491 662 gratia
499 572 644 662 plerique
660 587 891 654 concesserant,
904 573 964 638 sub
977 573 1110 640 honesto
1125 590 1253 664 patrum

213 750 218 755 ,
256 695 313 746 aut
327 681 430 769 plebis
450 680 595 760 nomine,
620 679 850 747 dominationes
872 679 1088 762 adfeetabana
1111 683 1254 772 bonique
1366 759 1368 763 ,

255 800 287 852 et
301 787 378 866 mali
394 786 479 854 cives
496 784 664 876 adpellati‚
679 783 743 850 n'on
759 787 926 853 chamarita
941 788 976 852 in
990 789 1255 879 Rempublicam¹

202 979 207 992 ι
256 893 407 959 omnibus
421 892 541 982 pariter
556 893 731 983 corruptis,
747 893 802 960 sed
817 895 865 961 uti
880 895 1017 984 quisque
1031 894 1253 985 locupletissu·

254 1022 328 1066 mus
345 1014 376 1065 et
390 998 509 1082 injuria
524 999 675 1085 validior,
691 1001 766 1090 quia
779 1002 959 1091 praesentia
975 1000 1178 1082 defendebat,
1192 1024 1253 1091 pro

255 1108 341 1173 bono
358 1105 542 1172 ducebatur.
559 1109 608 1172 Ex
630 1131 693 1197 quo
717 1122 859 1196 tempore
880 1111 1037 1192 majorum
1061 1130 1164 1195 mores
1186 1130 1252 1172 non

202 1211 204 1215 ’
253 1215 442 1304 paullatim,
465 1228 502 1279 ut
523 1228 637 1295 autea,
664 1214 719 1281 sed
739 1214 888 1279 torrentis
909 1214 1004 1278 modo
1027 1206 1251 1304 praecipitati:

255 1321 335 1387 adeo
350 1325 503 1405 juventus
518 1321 597 1387 luxu
613 1336 707 1409 atque
724 1320 855 1386 avaritia
868 1334 1025 1409 ‘corrupta
1044 1334 1090 1387 est
1100 1348 1108 1398 3
1119 1299 1172 1386 'uti
1186 1304 1252 1385 me-

252 1428 315 1494 rito
333 1426 457 1494 dicatur
472 1429 596 1518 genitos
611 1451 698 1507 csse,
714 1427 770 1516 qui
786 1450 889 1516 neque
904 1427 968 1516 ipsi
985 1424 1102 1491 habere
1119 1441 1252 1517 possent

249 1519 301 1601 res
317 1534 506 1618 familiares,
521 1558 625 1629 neque
641 1535 720 1600 alios
735 1535 810 1626 pati.
834 1534 941 1614 Idem,
953 1546 985 1628 c‘t
1001 1534 1071 1598 Aul.
1090 1535 1171 1600 Gell.
1186 1539 1251 1601 lle-

250 1660 291 1708 ct.
308 1649 356 1709 At.
1146 1675 1149 1683 ·

240 1765 300 1812 nra.

186 1856 236 1922 15.
261 1859 326 1923 Res
343 1859 488 1923 Romana
503 1853 829 1946 plurimumimperio
844 1852 952 1920 valuit.
965 1853 1051 1919 serv.
1064 1843 1253 1942 Sulpitio'et

251 1966 362 2028 Marco
379 1963 532 2027 Marcello
544 1962 632 2026 Goss.
650 1985 758 2026 omnes
776 1960 910 2040 Galliae,
926 1958 971 2022 cis
987 1955 1137 2022 Rhenum
1153 1973 1250 2048 atque

251 2069 338 2132 inter
355 2090 441 2132 marc
458 2081 603 2132 nostrum
619 2060 715 2157 atque
732 2069 906 2146 Oceanum,
915 2064 977 2128 nisi
992 2087 1074 2153 quac
1090 2087 1108 2128 a
1123 2066 1249 2153 paludi·

249 2173 312 2239 hus
328 2175 434 2241 inviae
449 2174 555 2256 fuere,
569 2174 772 2265 perdomitae.
790 2175 944 2236 Ammian.
961 2171 1094 2235 Marcel.
1110 2171 1131 2234 l.
1153 2171 1203 2236 15.

242 2293 327 2341 Galliac
337 2311 350 2341 a
360 2297 422 2341 lullo
432 2295 522 2342 Carme
533 2297 636 2344 domitas.
648 2298 682 2341 Da
692 2297 725 2341 hir
737 2295 818 2340 mantio
829 2295 852 2339 ia
861 2293 965 2351 murlo.

190 2393 238 2456 16.
265 2390 295 2453 A
312 2390 460 2456 Graccho
476 2414 587 2481 graves
603 2390 772 2458 seditiones
789 2401 883 2454 ortae.
901 2391 933 2451 S.
951 2391 1027 2472 Aug.
1043 2386 1082 2452 de
1101 2387 1165 2451 Cir.
1178 2366 1219 2448 ¹1').

242 2513 276 2558 Da
288 2514 355 2559 turbis
365 2514 441 2571 papst.

186 2631 235 2697 17.
261 2609 353 2692 Quae
370 2631 465 2672 causa
480 2605 584 2672 suerat
599 2605 753 2672 novandis
768 2604 872 2670 rebus.
890 2601 1015 2668 Servius
1031 2602 1162 2668 Aeneid.

241 2730 286 2774 tax
297 2730 383 2786 agraria
394 2728 541 2774 Gracchorum
552 2729 692 2786 temporibus.

184 2825 236 2889 18.
261 2824 310 2888 Ita
332 2821 451 2888 fiducia
475 2845 571 2910 quam
594 2819 788 2911 argumentis
811 2817 1009 2909 purgatiores
1031 2815 1244 2888 dimittuntur

248 2937 363 2995 Donat.
381 2933 415 2994 in
432 2930 612 2995 Phormion.

239 3053 319 3110 Duces,
331 3055 408 3099 turbas
419 3065 445 3098 rc
455 3052 558 3098 satellites
568 3049 706 3099 stationam.

186 3170 235 3234 ¹9·
261 3149 326 3230 Qui
351 3147 481 3236 quidem
495 3168 581 3226 mos,
595 3145 644 3210 uti
664 3145 766 3226 tabes,
781 3143 816 3207 in
831 3142 943 3210 urbem
957 3143 1130 3226 conjectus.
1153 3143 1246 3219 Pom·

249 3257 342 3339 pejus
360 3260 442 3316 Fert.
458 3252 496 3316 de
514 3253 594 3316 verli.
610 3254 714 3337 signis.

240 3374 288 3421 trs·
298 3382 392 3420 amam
402 3373 431 3419 ul
438 3373 511 3419 omnis
520 3374 558 3420 als
567 3372 772 3419 cancrorum-

184 3492 236 3536 ao.
263 3470 399 3534 Sanctus
422 3468 513 3533 aliter
537 3481 568 3532 et
590 3467 718 3555 ingenio
740 3462 873 3533 validus.
898 3465 999 3552 Sosip.
1027 3462 1120 3529 Clror.
1144 3461 1243 3530 instit.

246 3601 345 3665 gram.
362 3577 383 3640 l.
404 3601 430 3640 1.
663 3567 666 3573 ’

243 3699 332 3747 citatas
343 3701 375 3745 rot
387 3697 544 3746 militaturos
554 3708 682 3756 parparus.
690 3736 701 3751 ,

180 3818 236 3860 iar.
263 3797 402 3861 Tantum
416 3793 613 3882 antiquitatis
630 3810 789 3879 curaeque
803 3785 978 3872 majoribus
996 3807 1056 3877 pro
1071 3795 1164 3875 genle
1179 3780 1242 3849 Ita·
1317 3806 1322 3815 ’

250 3903 311 3969 lica
326 3903 396 3970 luit.
414 3903 539 3967 Servius
555 3904 588 3964 in
610 3903 688 3984 Virg.
706 3896 815 3963 Bucol.

153 4094 155 4099 .
243 4025 327 4072 tellau
337 4021 771 4080 Smnhrcrrtomiortnprourbibu
783 4017 887 4072 traha,
918 4064 924 4069 .
1024 4062 1069 4157 ,5,

228 4127 256 4170 V·
281 4127 304 4168 1.
1020 4117 1033 4157 1
